3850 5925
924 427 1139 491 ruarmo.
1668 440 1688 514 u

372 540 613 638 olympiadem
630 546 696 636 65,
718 566 858 622 motum
872 568 993 625 autem
1006 573 1133 631 contra
1145 558 1400 655 Lygdamidem
1420 578 1632 657 tyrannum,
1650 567 1687 635 in

372 688 448 759 quo
464 666 637 738 occubuit
649 686 772 765 poeta,
792 675 1006 769 ponendum
1026 677 1243 775 olympiadis
1262 682 1307 751 82
1324 706 1421 753 anno
1440 682 1511 753 sere
1528 682 1562 754 3.

420 790 459 855 ln
473 784 709 881 fragmentob
727 795 951 888 Panyasidis,
967 822 1072 871 versu
1094 805 1139 890 lt,
1158 804 1362 873 Duntzcrus
1385 828 1531 900 quoque
1550 806 1690 899 sempsit

374 918 510 1011 ἐπιθῇσι,
527 940 569 987 ex
584 920 740 991 Funckei
756 924 981 1018 conjectura,
994 926 1058 998 sed
1070 945 1187 1001 cetera
1201 930 1274 1003 hoc
1291 931 1420 1013 modo,

527 1077 641 1159 ἐσθλοῖς
659 1106 700 1149 τι
725 1076 842 1159 ξενίοισι
857 1088 952 1159 κακὴν
967 1086 1085 1179 ἐπιθῇσι
1102 1095 1260 1175 τελευτήν,

373 1232 509 1307 omisso
526 1234 569 1309 θ’.
584 1239 715 1309 Verum
732 1241 912 1335 quantivis
925 1242 1030 1339 pretii
1047 1259 1101 1315 cst
1119 1246 1296 1317 medicina
1325 1247 1454 1318 ultimo
1468 1247 1587 1317 versui
1604 1246 1691 1339 ejus·

372 1348 456 1427 tlcm
475 1358 662 1457 fragmenti
684 1360 787 1431 allata
809 1364 855 1435 ab
876 1364 1012 1455 Naekio,
1033 1364 1070 1435 in
1089 1367 1247 1438 Funckei
1256 1367 1402 1457 libello,
1430 1369 1483 1439 uti
1506 1369 1691 1465 suspioorr

371 1481 514 1578 prodita
571 1528 573 1533 -

527 1638 596 1707 riu
608 1636 667 1733 γάρ
688 1638 716 1707 u
736 1621 820 1717 Ᾰιις
838 1665 873 1705 τι
892 1640 944 1709 ιιι
964 1632 1068 1735 tos<
1086 1636 1145 1708 aa·
1163 1642 1222 1733 uc
1235 1634 1356 1715 ισιισ.

372 1786 470 1857 Idem
490 1791 714 1876 Dirntzcrus‚
735 1786 793 1855 cui
818 1782 927 1877 hujus
947 1786 1213 1859 emendationis
1233 1787 1400 1859 notitiam
1417 1786 1553 1876 debeo,
1570 1789 1610 1859 in
1630 1787 1693 1858 fra

371 1931 518 2009 gmento
539 1914 601 2006 15,
615 1940 648 1988 v.
665 1920 708 2006 lt,
724 1933 807 1989 ante
823 1940 881 1985 me
899 1915 1100 2011 conjecerat
1113 1918 1241 2013 ἀνάγκῃ.
1263 1918 1432 1987 Cetcrum
1455 1918 1532 2013 ejus
1545 1916 1636 2005 riri,
1655 1916 1691 1986 in

371 2036 480 2109 bouis
496 2038 607 2109 literis
627 2038 854 2113 demerendis
869 2038 1124 2136 impigerrimi,
1143 2037 1398 2109 collectionem
1412 2038 1692 2135 fingmentorurn

372 2138 557 2255 epicorum
574 2161 800 2233 utilissimam
824 2162 935 2255 magis
957 2160 1064 2231 etiam
1085 2158 1342 2255 probaremus,
1365 2162 1395 2231 si
1425 2176 1547 2232 vetera
1565 2160 1694 2233 editio·

371 2306 461 2353 num
483 2284 570 2354 vitia
590 2283 712 2381 paullo
735 2283 944 2379 diligentius
967 2281 1137 2369 cavisset;
1164 2305 1247 2351 narn
1271 2282 1397 2354 vitiosa
1416 2282 1531 2354 multa
1548 2283 1692 2379 reliquit

371 2406 512 2478 dudum
525 2406 580 2478 vel
597 2432 640 2477 ex
653 2406 840 2477 codicibus
854 2420 1012 2477 correcta
1027 2405 1118 2475 vela
1135 2404 1300 2477 felicibus
1316 2406 1470 2501 ingeniis
1485 2408 1691 2479 instaurata.

370 2534 409 2601 lu
438 2532 636 2601 Germauiae
661 2529 805 2626 oppidis
828 2542 997 2625 prompta
1015 2526 1129 2597 cuivis
1149 2542 1186 2599 et
1207 2541 1330 2623 parata
1346 2542 1399 2598 est
1424 2529 1631 2599 criticorum
1652 2528 1692 2598 li·

370 2654 518 2725 brorum
538 2654 642 2749 copia
659 2652 883 2738 beatissima3
906 2652 943 2722 in
968 2650 1062 2721 Urbe
1084 2666 1205 2721 nostra
1223 2649 1281 2721 hae
1305 2651 1442 2722 scilicet
1468 2676 1588 2747 nugae,
1620 2654 1690 2723 nisi

369 2774 552 2875 possideas
572 2776 666 2873 ipse,
683 2796 767 2844 cum
786 2796 926 2843 summa
946 2770 1157 2843 difficultate
1173 2787 1209 2843 et
1224 2774 1398 2869 temporis
1417 2772 1611 2871 dispendio
1627 2777 1691 2845 im·

370 2898 466 2970 mani
501 2896 728 2992 colliguntur.
748 2896 928 2965 Damnum
944 2892 1169 2990 aliquatenus
1194 2895 1336 2966 resarcit
1362 2894 1689 2992 manuscriptorum

368 3019 536 3090 codicum
560 3017 767 3104 thesaurus,
789 3029 825 3086 et
846 3017 1148 3086 Conservatorurn
1167 3013 1245 3104 ejus
1269 3013 1378 3086 ardor
1400 3015 1622 3087 admirabilis
1648 3042 1688 3088 ca

367 3143 488 3214 studia
507 3141 667 3237 gnaviter
683 3137 896 3234 adjuvandi,
913 3161 992 3234 quae
1010 3151 1107 3207 recto
1116 3135 1256 3229 judicio
1270 3136 1413 3207 institui
1427 3153 1686 3232 coguoverunt.

351 3265 432 3336 'Vel
452 3264 582 3334 harum
602 3263 822 3360 plagularum
842 3261 998 3332 tenuitas
1013 3259 1161 3331 illorum
1186 3258 1318 3354 largam
1342 3259 1565 3331 voluntatem
1586 3273 1687 3330 testa·

367 3385 475 3456 bitur.

1170 3553 1229 3618 rt.
1257 3527 1443 3620 oiiuusu.

458 3674 572 3730 aarum,
583 3689 606 3726 a.
619 3671 643 3724 d.
657 3675 734 3722 xm.
744 3677 834 3736 spritus.
