3850 5925
134 390 1198 515 υοοουοιοοιουαοοοοοικυοιοοι

1194 451 1296 481 ’(,Μῒα
1317 451 1335 478 t,
1356 451 1412 480 (st,
1434 451 1528 479 war„

118 652 1053 898 κῃίῖΗΟΕΒΙΙᾹ
1137 651 1599 891 santii

650 1070 1204 1197 FRAGMENTA.

818 1327 1055 1358 ...οφ-...-

182 1523 276 1585 Etiam
288 1524 318 1581 in
332 1521 388 1579 hoc
407 1530 491 1598 poeta
507 1509 726 1591 fundamentum
743 1514 911 1594 quaestionis
953 1526 1047 1587 neret,
1060 1533 1148 1594 φιαιιι
1161 1527 1195 1573 ut
1210 1515 1296 1593 longa
1311 1515 1348 1574 de
1363 1514 1425 1574 rita
1437 1514 1553 1575 Clruerili
1569 1518 1724 1595 tingeretur

140 1625 210 1674 sunt
222 1610 310 1673 rerba
326 1610 436 1671 Snidae:
448 1606 589 1691 Χοιρίλος,
604 1604 721 1684 Σοίμιος,
732 1601 801 1671 τινίς
814 1601 842 1661 δὲ
855 1602 911 1662 ’lc-
953 1615 982 1660 et
994 1603 1132 1662 continua
1143 1603 1287 1675 narratio,
1303 1615 1467 1682 temporum
1479 1604 1594 1664 meriti
1608 1604 1726 1663 calculis

140 1704 205 1771 σία,
218 1698 295 1759 ἄλλοι
315 1694 343 1756 δὲ
364 1694 556 1777 Ἁλικαρνασέα
572 1697 715 1776 ἱστοροῦσι.
736 1688 862 1753 Γενίσθοι
882 1687 910 1749 δὲ
954 1710 1076 1768 prorsus
1091 1688 1244 1749 adversa.»
1262 1693 1326 1751 Jam
1346 1691 1445 1769 igitur,
1460 1712 1514 1771 pcr
1529 1707 1643 1771 tempus
1657 1695 1725 1771 qui-

141 1786 215 1849 anh
234 1784 372 1849 Πανίασιν
389 1780 575 1867 τοῖςχρίνοις·
588 1782 632 1842 leel
651 1780 679 1841 δὲ
697 1784 750 1840 τῶν
763 1781 912 1860 Περσικῶν,
954 1778 1031 1851 dein,
1041 1778 1156 1838 Choerili
1166 1798 1232 1837 cum
1242 1780 1390 1837 Herodoto
1398 1781 1603 1838 commercium
1613 1780 1726 1839 admitti
1821 1836 1829 1845 ,

150 1875 308 1956 θλυρπιιίδι
316 1872 503 1951 στ’,νεανίσκον
512 1870 564 1944 ἤδη
574 1861 650 1930 εἶναι.
659 1867 759 1931 Δοῢλίν
768 1890 797 1927 τι
807 1866 912 1945 Σαμίου
955 1867 1079 1947 poterit,
1091 1867 1147 1924 nisi
1156 1866 1246 1946 (quod
1257 1867 1354 1945 potius
1363 1866 1545 1943 crediderim)
1556 1868 1655 1927 fictum
1665 1888 1728 1927 esse

143 1964 213 2031 τινὸς
226 1961 306 2023 αὐτὸν
319 1959 454 2042 γενέσθαι,
469 1960 555 2031 εὗιιδῆ
568 1958 640 2019 τιίνυ
655 1956 704 2031 τὴν
724 1956 809 2038 ῶριιν·
823 1962 912 2036 φυγεῖν
956 1955 1036 2013 dicas
1045 1974 1083 2013 ex
1095 1954 1245 2032 utriusque
1259 1955 1315 2013 viri
1330 1955 1427 2013 studio
1440 1956 1587 2015 simillimo
1607 1956 1727 2015 Graeco-

142 2047 414 2129 τοίκΣάρσυκαίἯ
522 2041 914 2129 τῷίστορικῷπαριδριιίοανια
957 2063 1022 2101 rum
1038 2061 1142 2120 magna
1156 2054 1235 2120 gesta
1255 2042 1432 2102 celebrandi.
1459 2044 1567 2115 Nerio,
1579 2044 1729 2121 pensitatis

141 2138 230 2217 λόγων
240 2138 390 2218 ἐρασθῆναι·
460 2156 503 2201 νος
512 2131 590 2193 αὐτὸν
602 2132 648 2193 καί
659 2128 771 2191 παιδικὰ
780 2128 915 2210 γογονίναι
956 2131 1107 2201 omnibns,
1121 2132 1237 2191 videtur
1248 2132 1388 2193 Choerilus
1401 2146 1487 2197 natus
1494 2152 1556 2191 esse
1565 2132 1729 2211 olympiade

143 2225 399 2310 ρασίν.Ἔτιίίοθαι
410 2221 438 2283 δὲ
448 2224 586 2303 ποιητοίῇ,
595 2220 642 2281 καί
655 2222 810 2287 πλουτῆσαι
820 2220 847 2277 iv
857 2220 916 2277 Μα·
958 2242 995 2287 τα
1010 2222 1070 2282 sere
1078 2224 1207 2296 ineunte,
1216 2220 1260 2281 vel
1273 2241 1299 2279 a.
1308 2220 1378 2280 Chr.
1393 2230 1461 2295 ⁴7²1
1477 2221 1538 2281 lloc
1551 2220 1576 2279 si
1585 2222 1729 2293 statueris,

144 2312 249 2395 αιδσνίρ
255 2308 916 2393 παρίιἎρχιλαῳτῷτίτεῶςβαοιλεί.Ἐγραψι
957 2314 988 2369 in
1000 2314 1119 2391 reliquis
1130 2310 1210 2370 nulla
1226 2308 1402 2369 difficultas:
1417 2322 1483 2368 stent
1492 2320 1589 2368 autem
1599 2309 1648 2369 illa
1664 2330 1732 2389 quae

143 2401 174 2463 di
190 2408 288 2461 ταῦτα·
303 2397 352 2472 τὴν
372 2396 514 2471 Ἀθηναίων
532 2396 608 2469 νίκην
623 2394 694 2456 κατὰ
709 2392 818 2478 Ξίρξου·
831 2382 915 2473 ίρόί
958 2399 995 2457 de
1012 2400 1161 2477 Lysandro
1175 2411 1205 2457 et
1219 2397 1359 2457 Archelao
1372 2396 1531 2457 Choerilum
1550 2416 1648 2457 secum
1668 2418 1731 2457 esse

142 2489 293 2565 ποιήματος
308 2486 377 2547 κατὰ
395 2485 487 2567 στίχον
507 2488 625 2567 στατῆρα
639 2488 755 2564 χρυσοῶν
767 2479 861 2555 nah,
871 2479 916 2541 καί
958 2486 1126 2545 volentibus
1135 2498 1299 2545 narrantur.
1311 2485 1498 2557 Plutarchus,
1510 2486 1576 2543 viu
1585 2485 1729 2563 Lysandri

144 2578 194 2639 σία
207 2586 262 2645 τοῖς
273 2574 396 2659 Ὀμήρου
410 2572 636 2654 ἀναγινώσκεσθαι
649 2570 791 2654 ίγαρίοὴ.
808 2572 917 2647 Δαμια·
959 2593 985 2631 c.
1003 2574 1059 2632 rt:
1074 2572 1175 2652 Σοίμιοι
1192 2568 1268 2631 tiri
1281 2570 1344 2653 παρ’
1362 2572 1451 2640 αὐτοῖς
1462 2570 1562 2654 Ἡραῖα
1574 2572 1730 2655 Λυσάνδρου

144 2664 193 2741 ah,
206 2664 252 2725 καί
267 2664 336 2723 ἄλλα
350 2662 410 2723 τινᾶ
423 2660 561 2741 ποιήματα
575 2662 655 2719 αὐτοῦ
665 2658 779 2743 ρίριται.
790 2658 917 2717 Samium
958 2660 1049 2719 καλεῖν
1065 2658 1237 2741 ἐψηφίσαντο·
1249 2656 1343 2717 τῶνδί
1357 2661 1471 2718 πολιτῶν
1486 2656 1609 2740 Χοιρίλον
1623 2658 1671 2737 μίν
1686 2658 1729 2719 ἀεὶ

147 2754 235 2813 inisse
248 2752 404 2813 Cboerilum
414 2762 496 2809 extra
506 2748 716 2808 dubitationem
724 2747 850 2825 positum
863 2757 916 2807 eat.
958 2746 1020 2829 πιρί
1039 2745 1117 2807 αὑτὸν
1138 2737 1217 2828 εἶχεν,
1239 2749 1275 2815 ir<
1299 2745 1469 2826 κοσμήσοντα
1491 2744 1539 2814 aba
1558 2746 1665 2828 πράξεις
1686 2746 1730 2808 διὰ

146 2841 215 2901 Alia
227 2840 359 2919 quaedam
377 2839 542 2898 testimonia
562 2835 673 2896 videbis
693 2837 776 2895 infra.
791 2834 918 2895 llalican
959 2839 1107 2909 ποιητικῆς.
1129 2839 1221 2908 Quem
1238 2836 1333 2895 locum
1351 2836 1508 2896 rectissime
1521 2836 1599 2915 cepit
1616 2836 1730 2900 Naelius

146 2928 291 2990 nassensis
305 2927 362 2986 dici
374 2938 489 3006 poterat
503 2924 540 2986 ab
554 2924 603 3001 iis,
618 2924 670 3004 qui
685 2923 825 2984 llerodoti
839 2922 918 2983 andi-
960 2942 990 3004 p.
1007 2924 1136 3002 46-49.
1152 2924 1303 3003 Lysander
1316 2944 1406 3004 qunm
1417 2924 1499 2984 brevi
1515 2937 1582 3004 post
1596 2926 1730 3004 proelium

146 3031 240 3076 torem
257 3029 287 3074 et
300 3015 416 3074 delicias
432 3012 629 3092 perhiberent.
643 3015 739 3072 lasum
757 3012 787 3070 in
804 3024 917 3090 tempus
961 3011 997 3070 ad
1015 3013 1099 3092 AEgos
1115 3013 1223 3072 llumen
1239 3014 1346 3072 irnstra
1365 3015 1592 3092 oppugnavisset
1612 3016 1729 3074 Samum

146 3105 302 3166 mittamus.
317 3106 412 3176 Quum
423 3101 675 3181 perPanyasidem
686 3101 748 3178 ejus
759 3113 827 3158 aetas
845 3099 914 3158 deii-
961 3100 1081 3180 (olymp.
1090 3103 1141 3180 93,
1156 3101 1195 3181 t),
1207 3113 1309 3180 postea
1323 3114 1408 3180 capta
1424 3102 1601 3162 Athenarum
1614 3103 1688 3162 urbe
1703 3115 1731 3161 et

146 3194 254 3265 nintur,
272 3191 461 3272 quaerendum
481 3203 554 3268 quot
575 3189 634 3250 lere
651 3189 734 3250 annis
751 3189 803 3247 illo
818 3187 919 3265 junior
960 3188 1053 3269 longis
1068 3191 1158 3250 muris
1176 3191 1300 3262 eversis,
1314 3192 1504 3270 expugnavit,
1524 3203 1637 3250 veteres
1653 3192 1731 3252 cives

147 3280 236 3340 tuisse
247 3278 455 3339 existimandus
469 3277 506 3337 sit
519 3299 526 3335 :
539 3297 606 3336 nam
618 3277 719 3355 junior
732 3287 802 3336 erat.
817 3277 918 3354 Olym-
960 3278 1111 3338 constituit
1124 3291 1153 3338 et
1166 3279 1446 3339 administrationem
1457 3299 1555 3348 rerum
1567 3283 1732 3359 composuit

148 3367 237 3446 piade
249 3367 458 3446 septuagesima
474 3365 574 3444 quinta
584 3365 645 3424 sive
659 3385 735 3423 anno
749 3375 807 3442 479
816 3365 841 3424 si
850 3364 920 3424 ado-
961 3366 1011 3445 (ol.
1022 3375 1073 3442 94,
1091 3366 1129 3446 r).
1147 3368 1221 3426 llinc
1234 3387 1369 3448 magnum
1380 3368 1544 3428 Samiorum
1557 3367 1686 3427 studium
1700 3369 1731 3428 in

148 3459 259 3519 lescens
268 3469 339 3529 erat,
346 3458 473 3535 primum
485 3455 626 3516 llerodoti
638 3454 747 3514 deliciae
759 3475 818 3513 non
830 3469 917 3534 pote-
961 3453 1160 3532 Lysandrum,
1174 3455 1226 3534 qui
1239 3457 1334 3515 civem
1347 3457 1493 3536 ipsorum,
1516 3476 1637 3535 poeseos
1654 3458 1731 3518 sama

148 3559 193 3606 rat
201 3566 264 3606 esse
275 3566 351 3606 anno
361 3545 500 3614 thenath
513 3543 619 3602 deinde
629 3543 664 3601 ad
675 3543 848 3602 Archelaum
858 3564 918 3603 non
960 3543 1086 3601 maxima
1100 3543 1266 3617 florentem,
1283 3545 1457 3604 secomitari
1471 3546 1581 3619 voluit,
1599 3566 1651 3625 spe
1673 3545 1732 3604 du-

148 3633 247 3692 venire
264 3645 331 3692 ante
345 3651 453 3691 annum
472 3631 564 3690 aetatis
577 3631 819 3709 septuagesimum
836 3645 919 3690 octa·
961 3642 1026 3689 ctus
1038 3631 1100 3690 iore
1114 3646 1146 3689 ut
1155 3633 1245 3710 ipsius
1255 3653 1373 3711 quoque
1383 3631 1534 3710 splendide
1546 3633 1620 3691 facta
1630 3634 1733 3692 carmi·

147 3741 235 3792 rum3
247 3741 314 3779 cum
328 3719 478 3798 Lysandro
495 3731 592 3777 autem
610 3718 736 3778 debebat
752 3739 814 3778 esse
829 3739 920 3779 senex
961 3717 1049 3778 nibus
1062 3720 1230 3779 celebraret.
1242 3720 1337 3779 Verba
1349 3723 1403 3779 τῶν
1413 3715 1441 3778 δὲ
1453 3720 1567 3780 πολιτῶν
1577 3732 1656 3779 arcte
1666 3741 1733 3782 cum

148 3807 210 3868 iere
222 3809 444 3888 nonagenarius,
462 3806 551 3885 idque
564 3804 717 3884 κοσμήσων,
735 3820 767 3865 ιιι
783 3806 920 3886 sperabat
961 3806 1327 3887 superioribusjungenda3
1338 3807 1731 3886 etomniabeneprocednnt:

151 3895 309 3972 Lysander,
323 3892 370 3960 τὰς
389 3892 496 3976 πράξεις
511 3896 590 3952 αὐτοῦ
607 3891 808 3967 libramentis.
825 3897 920 3954 αίίίοο
960 3897 1013 3953 τῶν
1029 3892 1057 3953 di
1076 3899 1193 3966 ποιητῶν
1210 3897 1234 3954 si
1255 3895 1399 3976 praeleras,
1414 3896 1488 3954 male
1499 3895 1560 3953 lraec
1567 3894 1671 3974 juncta
1684 3918 1732 3956 rc·

147 3983 281 4060 sequitur
293 3982 399 4061 (inquit
412 3982 562 4060 Naekiusp.
573 3981 623 4061 al.)
636 3995 665 4041 ut
677 3983 781 4041 falsum
790 3984 826 4040 sit
839 3983 920 4060 quod
962 3983 1067 4061 peries.
1079 3983 1125 4044 Ex
1133 3983 1271 4045 Parisinis
1278 3983 1429 4042 codicibus
1440 3996 1579 4063 quattuor
1587 3984 1645 4042 hoc
1654 3985 1732 4044 exhi·

148 4071 224 4130 dixit
234 4071 348 4142 Suidns,
363 4070 518 4129 Choerilum
530 4069 590 4150 jam
608 4069 818 4130 adolescentum
833 4071 921 4130 inisse
962 4070 1041 4144 bont,
1055 4070 1093 4129 ab
1107 4072 1142 4131 iis
1156 4073 1269 4131 illatum
1283 4073 1335 4151 qni
1345 4087 1441 4150 poctoe
1451 4092 1538 4150 quam
1550 4080 1612 4130 rivis
1625 4075 1731 4132 nornen

148 4156 322 4234 Olympiade
331 4157 378 4229 75.
388 4157 509 4216 Caussas
519 4159 628 4216 erroris
637 4158 744 4235 prilnas
752 4179 921 4218 nemonunc
962 4159 1031 4217 huic
1044 4159 1110 4218 loco
1122 4161 1217 4240 aptius
1227 4180 1289 4219 esse
1298 4160 1458 4220 crederent
1469 4161 1589 4220 Πολιτῶν
1604 4161 1731 4220 servarit

148 4243 293 4322 dispiciet.
305 4245 405 4304 Potest
420 4245 452 4303 in
467 4246 596 4306 carmine
609 4246 725 4307 Choerili
739 4247 828 4306 luisse
842 4247 920 4306 unde
962 4247 1054 4306 codex
1073 4250 1144 4320 1671
1167 4247 1400 4328 (wyttenbachio
1416 4253 1475 4322 A):
1489 4268 1575 4327 quem
1585 4249 1640 4307 alia
1657 4269 1732 4327 quo-

149 4331 335 4409 colligeretnr
348 4343 465 4410 poetam
485 4345 560 4407 tum,
574 4354 665 4411 quum
680 4335 822 4393 Graeciam
836 4335 921 4393 inva-
962 4355 1019 4414 qne
1029 4337 1138 4395 sincera
1152 4337 1256 4396 offerre
1272 4337 1398 4409 memini,
1408 4337 1439 4394 in
1448 4339 1539 4396 altero
1551 4336 1648 4396 codice
1657 4338 1733 4416 opti-

149 4418 234 4478 deret
257 4419 379 4492 Xerxes,
393 4421 562 4480 adolevisse.
585 4422 864 4502 Quomodocumque
883 4424 922 4482 de
962 4443 1011 4482 mo
1035 4426 1109 4497 1672
1140 4423 1244 4504 (Wytt.
1272 4426 1312 4499 E)
1335 4425 1433 4484 eadem
1455 4427 1564 4503 scripta
1585 4424 1732 4486 Plutarchi

149 4507 371 4566 caussiserroris
381 4522 550 4582 statuamus,
561 4509 673 4569 facilius
682 4511 814 4570 accidere
824 4513 921 4590 potuit
962 4514 1167 4590 complectente
1176 4515 1235 4590 jam
1252 4514 1359 4574 vitiata.
1368 4514 1438 4574 Post
1450 4513 1526 4574 Sami
1540 4514 1731 4592 expugnatio·

150 4607 183 4652 ut
198 4614 306 4654 annum
317 4596 518 4655 adolescentiae
531 4597 648 4656 Choerili
662 4599 766 4676 aliquis
779 4599 852 4658 falso
868 4620 921 4679 po-
962 4621 1029 4660 nem
1044 4601 1095 4670 illi,
1105 4621 1179 4680 qnos
1186 4602 1357 4663 Plutarchus
1369 4615 1475 4675 narrat,
1485 4603 1609 4662 bonores
1622 4603 1733 4680 Lysan-

180 4755 312 4818 clroeriim,
324 4758 422 4810 sanim
434 4773 440 4808 :
455 4771 529 4823 mem
540 4761 652 4812 nonnulii
663 4764 794 4825 larensem,
808 4761 850 4812 aiii
859 4775 918 4814 vero
960 4764 1030 4814 cunt.
1047 4763 1163 4814 Animum
1174 4768 1256 4815 annm
1267 4765 1298 4816 ad
1310 4766 1428 4829 poeticam
1439 4765 1575 4829 appnlhse,
1583 4769 1609 4816 et
1619 4765 1645 4816 in
1654 4768 1732 4818 iteca·

148 4825 389 4879 italicamaaaensem
407 4829 485 4880 inisse
496 4830 610 4892 tmdunt3
623 4832 742 4896 muntem
761 4831 918 4896 Panyasidia,
960 4833 1135 4886 mmmmm
1150 4835 1215 4898 apud
1227 4837 1385 4897 Archelmm,
1399 4839 1460 4886 tnnc
1475 4835 1541 4886 iliius
1556 4838 1629 4887 terrra
1639 4849 1730 4900 regem

147 4901 174 4948 et
184 4896 362 4948 adolescentem
370 4900 421 4962 iarn
432 4899 489 4950 belli
500 4902 591 4954 Persici
601 4901 751 4966 temporibus
756 4936 766 4962 ,
782 4901 921 4968 olympiade
961 4905 1066 4968 scripsit
1081 4919 1141 4957 vero
1156 4906 1226 4956 hare:
1239 4906 1373 4958 Victoriam
1387 4905 1570 4958 Atheniensium
1585 4906 1617 4956 de
1631 4909 1731 4958 xerxes

148 4967 327 5032 septuagesima
341 4969 436 5032 quinta.
455 4970 524 5021 idem*
537 4984 622 5022 servus
637 4973 712 5022 inisse
725 4972 831 5024 traditur
846 4973 920 5026 Samii
962 4989 1009 5038 pro
1017 4975 1089 5040 cuins
1099 4977 1220 5041 poematia
1228 4976 1331 5040 singolis
1342 4975 1453 5028 rmibua
1462 4987 1564 5026 auream
1572 4979 1686 5027 staterem
1696 4989 1732 5026 ac

148 5038 287 5100 cujusdam,
301 5038 380 5089 torma
390 5041 554 5104 pulcherrima
565 5043 682 5104 praeditus
695 5057 701 5092 :
719 5045 745 5094 et
756 5047 829 5096 Sarae
837 5044 920 5108 prolu-
961 5046 1041 5108 σαρίίι
1049 5049 1076 5097 et
1085 5046 1213 5098 οοοτοίιιτα
1223 5046 1285 5104 iuit,
1299 5051 1328 5097 ut
1336 5059 1424 5110 poerna
1431 5046 1492 5098 iilud
1502 5060 1561 5097 com
1571 5047 1672 5098 ilomeri
1680 5059 1732 5096 car·

148 5121 213 5171 gne,
226 5121 304 5172 quum
320 5110 444 5161 iiuodoto
461 5111 578 5161 historico
588 5125 688 5176 operam
699 5112 782 5171 daret,
795 5115 919 5166 literarum
961 5116 1073 5168 minibus
1083 5116 1234 5168 recitaretur.
1246 5117 1375 5180 misce,
1389 5121 1415 5170 et
1425 5117 1598 5182 εΙίιιιαιαιίιυι
1612 5117 1666 5182 dus
1676 5129 1732 5184 poc
1843 5109 1848 5122 '

148 5190 233 5229 amore
247 5182 334 5241 captus
350 5193 404 5232 essa
416 5182 552 5234 :Herodoti
568 5183 642 5234 adam
659 5183 781 5235 amnium
797 5185 873 5237 mise
884 5185 919 5237 dl·
961 5190 1028 5237 mata
1039 5187 1158 5239 teruntur.
1317 5206 1322 5214 ·

1617 5276 1652 5316 ³³.
