3850 5925
677 411 894 481 maranum
914 407 1162 477 rmnunnm.
1352 366 1417 398 '⁷‘
1662 432 1701 497 η

114 552 293 618 Antimaohi
313 552 443 611 studioso
456 550 616 610 Heraclidae
631 550 745 609 Pontici
767 549 894 608 testimo-
933 550 1112 621 produceret.
1129 550 1191 607 lloc
1202 546 1506 628 persevideripotest
1517 550 1700 613 incredibile:

115 643 575 721 niumgravissimum‚servatum
586 640 723 711 aPronlo,
733 640 895 699 Comment.
937 636 1050 693 interim
1065 648 1144 694 certo
1158 638 1322 695 testimonio
1333 650 1452 710 constat,
1463 640 1653 700 narrationem
1665 644 1702 701 de

116 732 153 789 in
174 733 251 791 Plat.
272 730 346 789 Tim.
363 730 386 801 1,
399 750 428 807 p.
442 728 479 787 οὓ
493 728 588 786 med:
603 725 689 811 Elmp
709 750 749 795 τις
762 726 838 795 ἄλλος
850 725 895 786 καὶ
938 724 1031 801 epulis
1051 722 1156 801 quihus
1168 724 1307 783 Adrastus
1320 724 1397 783 domi
1416 745 1475 783 sum
1493 728 1606 804 excepit
1616 728 1702 791 duces

115 820 247 891 ποιητῶν
262 814 365 897 άριοτος
388 813 507 899 κριτὴςδ
526 814 652 878 Πλάτων.
722 813 896 897 Ἡρακλείδης
938 813 1085 883 collectos,
1098 813 1241 871 exstitisse
1260 815 1290 871 in
1314 811 1389 871 libro
1409 813 1526 891 quinto3
1547 815 1653 875 deinde
1666 839 1703 879 ex

117 909 217 985 γοῦνά
238 901 364 968 Ποντικός
378 926 456 987 φησιν
470 902 510 963 ὅτι
523 902 709 987 τῶνΧοιμίλου
722 903 781 963 τάιι
793 904 896 963 ιῦδοκι-
938 899 1106 977 fragmentis
1123 901 1179 959 hoc
1201 902 1275 959 effici
1293 914 1397 981 potest,
1418 914 1532 978 poetam
1551 904 1581 961 in
1600 906 1703 965 itinere

119 993 250 1071 μούντων
272 989 386 1053 Πλάτων
410 990 445 1052 τὰ
463 992 625 1071 Ἀντιμάχου
644 990 832 1075 προῦτίμηοεν,
849 991 895 1050 xal
938 989 1082 1047 exercitus
1105 989 1252 1067 pingendo
1270 989 1306 1047 ad
1327 989 1442 1066 mythos
1465 992 1613 1066 locorum,
1631 1016 1704 1073 qrros

119 1080 209 1140 αὐτὸν
230 1077 318 1139 ἔπεισε
327 1078 372 1140 τὸν
383 1078 558 1161 Ἧμονιλιάδην
573 1084 610 1147 εἰς
624 1082 768 1161 Κολοφῶνα
788 1078 895 1139 ἐλθόντα
940 1075 987 1133 ille
1001 1078 1123 1149 transiit,
1135 1096 1197 1135 esse
1207 1077 1374 1154 digressum.
1396 1079 1506 1149 Quare,
1525 1081 1704 1141 etiamsinon

120 1166 161 1225 τὰ
178 1166 315 1245 ποιήματα
326 1166 448 1237 συλλέξαι
456 1172 501 1227 τοῦ
512 1165 612 1247 ἀνδρός.
623 1165 719 1239 Μάτην
733 1158 777 1225 sis
794 1168 895 1249 φληνα-
940 1175 1069 1222 tenemus
1082 1184 1231 1224 nnmerum
1244 1165 1323 1223 illum
1335 1166 1556 1243 Porphyrionis,
1568 1168 1704 1229 latissime

122 1262 210 1336 poiior
218 1254 389 1337 Καλλίμαχος
397 1254 443 1315 καὶ
451 1258 557 1337 Δοῦρις,
567 1256 602 1323 ὡς
612 1252 756 1321 Πλάτωνος
769 1257 816 1313 οὐκ
824 1254 896 1322 ὄντος
941 1263 1060 1309 tractata
1073 1253 1159 1311 fuisse
1172 1254 1268 1310 omnia
1279 1266 1309 1310 et
1317 1272 1403 1330 quam
1413 1255 1522 1331 possint
1534 1255 1656 1333 plurima
1668 1278 1705 1317 ex

122 1346 224 1402 ἱκανοῦ
235 1342 331 1424 κρίνειν
346 1341 466 1414 ποιητάς.
481 1345 587 1403 Notum
603 1342 690 1421 igitur
708 1354 738 1401 et
763 1355 895 1402 tesmtaim
940 1341 1048 1416 mythis
1060 1353 1194 1420 congesta
1205 1353 1337 1419 apparet
1351 1342 1463 1399 Horatii
1474 1361 1590 1401 vorsum
1598 1345 1634 1403 de
1648 1348 1704 1404 llo·

125 1444 196 1489 erat
215 1431 344 1490 Platonis
363 1430 400 1489 de
424 1430 594 1489 Antimacho
610 1429 768 1508 judicium,
783 1450 817 1489 ac
836 1432 897 1490 sine
941 1428 1093 1505 [ποταμοὶ

126 1516 301 1576 dubiosum
320 1520 383 1577 aliis
397 1516 524 1595 ejusdcm
535 1517 591 1575 viri
604 1518 633 1575 in
649 1537 681 1575 re
695 1518 807 1593 poetica
819 1519 898 1597 apud

128 1604 346 1664 Alexandrinos
358 1605 479 1664 multum
493 1602 666 1682 jactabatur.
683 1605 754 1675 Quae
770 1624 814 1663 res
827 1608 850 1663 si
861 1607 899 1665 ad

127 1693 314 1752 narrationes
322 1693 573 1752 illasPlutamhiet
579 1692 725 1752 Ciceronis
736 1691 898 1765 adhibetur,
941 1706 1000 1745 non
1007 1688 1132 1760 orditur,
1144 1689 1179 1746 ad
1191 1686 1367 1746 Thebaidem
1379 1689 1466 1745 refert
1475 1691 1570 1747 Acron
1578 1690 1703 1767 (adA.P.

130 1799 195 1837 non
214 1794 308 1858 potest
322 1782 392 1860 quin
409 1780 601 1859 suspicionem
620 1793 771 1858 augeatex
787 1782 898 1843 illarum
946 1776 1021 1853 136l·
1037 1776 1074 1835 Εῑ
1093 1777 1237 1854 hotlpsos
1252 1776 1338 1833 fuisse
1358 1781 1494 1835 terminos
1512 1780 1646 1837 conuiuis
1661 1779 1706 1856 (ut

130 1868 353 1942 comparatione
378 1878 481 1945 sponte
504 1866 693 1925 oborientem.
726 1867 763 1926 lis
778 1868 853 1927 enim
874 1871 897 1928 si
942 1862 1077 1922 observat
1089 1864 1255 1922 Welclerus
1267 1863 1303 1921 de
1314 1864 1404 1939 Cyclo
1412 1884 1458 1942 ep.
1467 1885 1494 1942 p.
1510 1870 1564 1925 ro'l
1574 1867 1639 1945 sq),
1650 1886 1705 1943 pro

130 1953 291 2023 credimus,
304 1954 386 2014 Plato
396 1952 441 2012 bis
455 1952 570 2011 auditor
579 1966 639 2011 erat
649 1954 823 2026 Antimachi,
835 1958 898 2034 pri-
942 1964 1022 2010 certo
1029 1950 1130 2010 haberi
1141 1963 1325 2029 potcstrnam
1335 1952 1470 2029 Meleagri
1481 1973 1558 2011 mors
1567 1954 1596 2011 in
1606 1973 1705 2013 caussa

131 2059 215 2099 mum
228 2062 316 2120 quum
328 2040 444 2117 juvenis
464 2053 539 2100 esset
550 2042 650 2119 viginti
666 2055 800 2119 quattuor
811 2064 900 2103 anno-
942 2052 1013 2111 erat,
1027 2060 1080 2097 cur
1095 2052 1161 2117 post
1171 2038 1291 2097 Melonis
1305 2038 1429 2096 liliorum
1446 2040 1549 2097 OEneo
1560 2040 1705 2098 insidiato·

132 2148 212 2200 raam,
227 2129 330 2187 deinde
340 2148 429 2207 quum
444 2130 490 2187 vir
504 2128 577 2186 fama
592 2130 716 2187 maxima
728 2130 901 2201 llorens3his
942 2146 1008 2184 rum
1023 2124 1129 2183 caedem
1151 2124 1267 2202 'l'ydeus
1281 2145 1317 2182 ex
1332 2126 1426 2203 patria
1443 2123 1621 2202 abigeretum
1636 2127 1706 2185 Dio-

133 2214 285 2274 solabatur
308 2218 510 2277 Antimachum
532 2219 594 2294 ipse
607 2217 693 2276 solus.
708 2220 783 2279 Sami
806 2232 899 2280 autem
943 2214 1033 2271 medis
1051 2214 1145 2272 reditu
1164 2214 1249 2291 plane
1264 2213 1417 2291 implentur
1436 2214 1574 2289 promissa
1595 2214 1706 2273 Adrasti

134 2302 263 2363 adfuisse
278 2306 426 2365 Platonem
438 2325 514 2362 anno
533 2314 601 2377 tot,
616 2305 791 2365 Athenarum
807 2310 899 2367 'victo-
942 2302 979 2359 de
991 2302 1162 2360 reducendis
1174 2302 1296 2377 generis.
1312 2302 1350 2359 Et
1360 2301 1555 2378 Epigonomm
1564 2322 1609 2359 res
1622 2322 1706 2361 eom-

133 2412 198 2451 rem
215 2408 362 2465 sectatum,
374 2396 445 2453 nihil
461 2395 491 2453 in
504 2397 606 2453 ceteris
619 2396 797 2456 documentis
809 2400 902 2477 loqui·
943 2392 1057 2468 plexum
1081 2410 1142 2448 0⁸³0
1161 2388 1345 2460 Thebaidem,
1367 2389 1525 2446 ⁵⁰l¹⁰¹l³⁵¹ae
1538 2390 1706 2466 Αΐῑδῐθρὴθ·

135 2494 203 2554 tur;
218 2483 390 2559 l‚.ysandriis,
407 2484 565 2543 Samiorum
583 2502 661 2541 novo
683 2485 756 2543 festo
775 2499 804 2543 et
820 2490 900 2566 quasi
944 2479 988 2536 nis
1002 2479 1087 2535 etiam
1104 2497 1186 2536 error
1206 2489 1367 2535 monstrare
1386 2476 1512 2547 videtur,
1533 2476 1569 2534 ad
1584 2478 1665 2535 Pacis
1678 2498 1706 2535 v.

134 2571 259 2647 privato,
287 2585 409 2631 certasse
432 2572 633 2633 Antimachum
658 2574 723 2651 ipso
747 2574 797 2631 illo
815 2596 900 2646 anno,
949 2573 1032 2648 1269,
1051 2568 1120 2650 ἅμχὴ
1141 2572 1195 2627 τῶν
1207 2569 1355 2647 Ἐπιγόνων
1373 2568 1548 2647 Ἀντιμάχου,
1565 2590 1654 2648 quum
1669 2572 1707 2631 sit

134 2675 223 2733 quem
237 2669 370 2735 tanquam
386 2658 537 2735 lloriscjus
561 2672 679 2717 annotat
698 2660 899 2737 Apollodorus,
943 2658 1143 2718 Alcmaeoniclis
1154 2657 1276 2715 initium.
1289 2659 1419 2716 Fortasse
1432 2656 1480 2714 illa
1499 2678 1564 2735 pars
1579 2658 1706 2717 'l'hebai-

134 2744 246 2803 victum
258 2748 342 2805 etiam
354 2745 390 2805 ab
404 2748 542 2807 Nicerato
563 2750 686 2823 qrrndnm
703 2748 832 2824 (fortasse
853 2768 901 2807 eo·
943 2746 988 2805 dis
1001 2747 1147 2803 immensae
1166 2744 1320 2821 separatim
1335 2741 1480 2801 ferebatur
1495 2746 1610 2802 nomine
1626 2744 1707 2803 'Em-

135 2832 215 2905 dem,
230 2834 258 2892 in
273 2854 359 2911 quern
377 2833 522 2913 ἡττημένον
535 2832 585 2893 ὑπὸ
599 2833 717 2914 ΙΙμάτυος
732 2836 900 2917 ῥαψῳδοῦντα
943 2834 1036 2913 γόνων,
1047 2844 1076 2891 et
1088 2832 1141 2889 hac
1153 2832 1191 2889 de
1206 2850 1305 2888 natissa
1318 2831 1398 2907 prius
1410 2832 1502 2907 periit
1516 2834 1587 2891 Nam
1598 2836 1707 2911 paucis-

134 2918 245 2979 dintum
262 2922 468 3001 Thrasymachi
479 2936 618 2982 memorat
635 2923 801 2982 Aristoteles
823 2924 900 2984 llhe·
943 2922 1013 2980 sima
1034 2940 1071 2979 ex
1095 2938 1129 2977 ea
1146 2930 1258 2976 servata
1271 2930 1347 2988 saint,
1361 2917 1465 2976 indicia
1479 2931 1572 2978 tamen
1585 2922 1707 2980 nonita

136 3021 194 3068 tor.
206 3011 254 3079 tn,
267 3011 323 3089 ιι),
336 3031 470 3071 smenon
481 3010 620 3071 credibile
631 3024 683 3071 est.
694 3013 900 3074 Insuntamem
945 3010 1051 3079 tenuia,
1068 3019 1102 3065 ut
1120 3007 1266 3084 Epigonos
1279 3005 1414 3063 cecinisse
1433 3006 1633 3065 Antimachum
1646 3011 1707 3067 sine

135 3097 192 3154 alia
206 3117 323 3175 quoque
334 3100 364 3156 in
377 3100 423 3159 his
431 3098 654 3172 narrationibus,
668 3119 731 3177 quas
742 3101 819 3160 fictas
827 3122 898 3171 esse,
944 3097 1112 3156 temeritatis
1128 3093 1257 3173 periculo
1280 3113 1374 3170 neges.
1399 3092 1484 3152 Adde
1502 3113 1566 3170 quae
1582 3095 1707 3155 diximus

136 3185 257 3243 sortasse
272 3206 330 3244 non
345 3189 406 3246 sine
418 3189 519 3258 ironia,
534 3209 570 3245 ex
585 3189 701 3264 cognito
715 3188 763 3246 illo
773 3191 901 3250 Platonis
944 3184 980 3244 ad
993 3186 1093 3260 fragm·
1111 3185 1156 3249 34·

131 3270 246 3346 judicio
261 3285 289 3332 et
309 3276 502 3334 Antimacheae
523 3295 643 3353 poeseos
664 3277 755 3334 ‹loctae
781 3297 834 3336 neo
852 3299 901 3357 po
983 3274 1009 3331 'l'
1011 3271 1194 3329 cantationem
1214 3287 1308 3326 rerum
1329 3267 1706 3345 mythograplaicamluisse,

136 3362 245 3437 pularis
259 3363 355 3423 indole
375 3367 579 3424 demonstrent.
594 3367 767 3424 Luculenter
778 3369 814 3426 de
824 3391 858 3428 ea
869 3389 900 3428 re
943 3365 1006 3439 lpffl
1035 3361 1193 3437 sfflgfflffllfl
1210 3356 1386 3414 ⁰⁵l⁸¹¹d¹¹¹¹⁸²
1406 3355 1474 3413 ΝΜ
1493 3357 1593 3432 ΨΜ
1614 3371 1707 3435 {²001ae

134 3450 271 3525 exposuit
284 3451 458 3525 Welclems,
471 3453 506 3510 dc
517 3452 604 3528 Cyclo
620 3453 702 3530 epioo
715 3471 743 3532 p.
764 3457 816 3513 105
829 3475 899 3534 sqq,
943 3451 1089 3527 ingenium
1104 3459 1216 3504 veteres
1228 3445 1258 3502 in
1276 3463 1312 3500 co
1334 3443 1484 3518 agnovisse
1502 3444 1707 3504 demonstravit

134 3535 166 3592 in
181 3554 239 3613 quo
253 3539 346 3616 capite
360 3542 470 3617 scepsin
488 3559 611 3616 agriosco
620 3541 795 3598 sanissimam
807 3559 835 3599 et
846 3541 898 3620 ju·
944 3539 1116 3598 Welclerus.
1132 3532 1324 3604 Quintilianus
1332 3532 1400 3590 lnst.
1415 3531 1449 3599 X,
1465 3551 1488 3603 ι,
1505 3533 1568 3602 5⁵3
1579 3555 1587 3588 :
1599 3539 1633 3590 In
1647 3543 1707 3590 An-

135 3622 243 3680 dicium
264 3645 299 3682 ex
318 3625 378 3703 ipsa
401 3627 441 3683 rei
461 3639 562 3685 natura
581 3626 708 3694 ductrun,
727 3649 898 3707 quamquam
944 3621 1706 3696 n'moclmvisergravimsetminimemclgoreeloquen-

135 3729 173 3768 ne
186 3725 376 3770 memoratum
388 3713 504 3791 quaidem
515 3733 535 3770 a
543 3713 634 3773 lindio
648 3715 678 3772 in
693 3713 816 3774 Historia
828 3737 900 3795 poe·
942 3716 974 3769 dr·
981 3732 1071 3790 genus
1084 3708 1171 3765 landet
1184 3709 1307 3763 landem.
1318 3708 1376 3762 Sed
1384 3709 1517 3780 quamvis
1529 3710 1707 3764 eiseeunam

134 3817 201 3855 seos
213 3799 320 3858 Graecae
330 3801 398 3878 (vol.
413 3802 436 3873 1,
451 3822 479 3879 p.
495 3799 571 3878 51⁵).
935 3801 1001 3873 sere
1013 3799 1090 3876 (post
1102 3796 1267 3870 llomerum)
1285 3795 1536 3866 grammaticorum
1555 3813 1707 3852 consensor

175 3887 364 3946 Antimachus
380 3889 452 3946 viam
466 3910 484 3947 a
496 3889 624 3948 Choerilo
636 3903 822 3950 monstratam
839 3912 896 3948 non
942 3889 1069 3962 differam
1091 3898 1119 3940 et
1131 3879 1288 3956 asseculas,
1303 3881 1525 3949 etjncnndimte,
1546 3885 1706 3956 etdispnsae'-

135 3986 180 4030 est
189 3977 418 4050 persecutus‚sed
427 3976 776 4054 doctrinaeetingeniivim
785 3997 898 4038 omnem
943 3981 1028 4043 tione,
1049 3972 1212 4042 etonrnr'no
1231 3968 1448 4042 attemptatur,
1470 3980 1502 4022 nr
1509 3971 1602 4040 plane
1617 3972 1706 4025 mana

134 4061 172 4118 ad
190 4074 303 4121 rennes
319 4064 432 4140 mythos
455 4063 575 4122 rellexit.
594 4066 721 4137 Homeri,
743 4065 824 4144 cujus
837 4087 899 4124 carr-
933 4067 1014 4135 Jrsto
1033 4070 1185 4136 apparent,
1201 4057 1446 4132 quantocitulind
1454 4061 1620 4128 proximum
1631 4075 1704 4127 erse,

135 4150 212 4207 mina
227 4151 341 4228 seriptis
352 4151 505 4210 illustravit
521 4163 550 4208 et
561 4151 734 4224 essentiavit,
746 4153 839 4212 studio
855 4157 899 4211 in-
941 4153 1024 4207 aliad
1033 4149 1200 4205 secundnm.
1215 4142 1415 4219 llispositionis
1429 4141 1632 4217 Antimacheae,
1642 4163 1707 4220 quae

134 4238 263 4296 nutritus
275 4239 315 4313 (v.
337 4238 450 4299 Tatian.
465 4239 539 4298 Adn.
554 4241 670 4298 Graecos
687 4260 714 4317 p.
731 4243 800 4317 269,
815 4245 838 4300 A
853 4241 897 4300 ed.
942 4237 1055 4313 mythos
1074 4253 1111 4291 ex
1129 4231 1235 4308 mythis
1250 4241 1371 4300 sereret,
1391 4229 1472 4306 qnasi
1492 4230 1636 4306 specimen
1656 4251 1707 4290 su·

134 4324 249 4396 Bened.;
259 4326 496 4404 WolAProlegp.
506 4328 779 4405 cunxxmqq.),epos
789 4328 898 4406 ingens,
941 4345 1056 4403 peresse
1070 4321 1156 4380 credo
1167 4321 1196 4377 in
1210 4318 1317 4396 garruli
1335 4317 1527 4394 descriptione
1540 4317 1617 4395 apud
1633 4318 1705 4376 Plu-

139 4412 322 4483 Thebaidem,
345 4415 515 4492 composuit.
544 4397 586 4472 lle
607 4413 688 4490 cujus
711 4412 819 4472 ambitu
836 4414 897 4472 haec
942 4415 1081 4472 tarchnm.
1091 4412 1181 4481 Unus,
1191 4408 1286 4484 inquit
1297 4405 1337 4484 (p.
1352 4405 1419 4476 513,
1431 4408 1466 4478 A,
1482 4406 1524 4481 B),
1539 4406 1705 4484 interroga·

135 4499 319 4577 Porphyrion
333 4501 367 4558 ad
386 4501 496 4560 Horatii
506 4504 539 4561 A.
556 4503 589 4560 P.
614 4502 688 4558 136:
707 4503 897 4558 Aratimnclrns
942 4513 997 4574 tus,
1006 4503 1121 4561 intusne
1130 4494 1438 4572 Socratesirespondet
1446 4505 1581 4570 tanquam
1589 4495 1704 4564 invitus,

128 4588 187 4658 snit
200 4590 324 4662 Cyclicus
335 4603 437 4665 poeta.
452 4591 508 4647 Hic
522 4609 672 4665 aggressus
685 4604 727 4646 est
740 4591 898 4659 materiam,
944 4591 1006 4648 Non
1017 4600 1076 4659 cst;
1087 4587 1158 4644 alius
1170 4583 1267 4663 paullo
1281 4582 1442 4652 humanior,
1458 4581 1628 4658 respondet,
1642 4581 1704 4643 Nou
1766 4661 1773 4668 Ι

132 4695 224 4751 quam
239 4683 279 4732 ric
299 4680 436 4748 extendit,
454 4690 486 4734 ut
503 4680 621 4734 XXIII
631 4681 777 4734 volrrrnr'na
790 4682 895 4752 imple·
941 4688 985 4734 est
994 4676 1081 4742 intus,
1091 4673 1141 4732 sed
1156 4671 1192 4730 ad
1202 4689 1314 4728 mensas
1324 4672 1357 4727 :i
1372 4665 1400 4726 di
1418 4668 1538 4748 περιττὸς
1550 4667 1596 4728 καὶ
1609 4665 1704 4728 etol-

25 4781 28 4788 ·
133 4764 202 4820 verit
224 4777 379 4840 antequam
401 4778 509 4840 septem
524 4767 609 4822 duces
622 4785 712 4841 usque
726 4767 769 4822 ad
785 4764 897 4824 Thebas
942 4759 1065 4842 οχης,άν
1080 4757 1156 4839 γιδὴ
1175 4756 1245 4838 τάχη
1256 4756 1301 4816 καὶ
1314 4754 1359 4814 τὸν
1374 4754 1540 4837 Κολοφώνιον
1551 4753 1705 4835 ἀνεγνωκὼς

996 1558 1119 1617 reditum
1127 1558 1273 1619 Diomedis
1283 1558 1319 1617 ab
1326 1558 1443 1618 interitu
1451 1561 1587 1639 Meleagri

162 4985 271 5036 Procius
282 4999 289 5034 ι
300 4987 429 5036 Poetarum
442 4998 547 5050 qomue,
560 4985 647 5049 siquis
658 4986 729 5048 alius,
742 4987 849 5050 optimus
856 4985 893 5048 ju·
938 4983 1074 5035 Heraclidas
1087 4980 1215 5041 suaderet,
1231 4979 1425 5044 moflchoeretur
1436 4978 1603 5042 colophonem
1611 4981 1637 5028 et
1647 4991 1705 5028 con·

130 5053 178 5105 dex
195 5057 247 5104 erat
257 5054 334 5105 Plato.
351 5054 490 5106 Heraclides
501 5055 566 5106 enirn
582 5056 698 5106 Ponticus
713 5069 770 5107 eum
789 5059 889 5112 narrat,
937 5054 1042 5117 qnlreret
1053 5053 1125 5114 liujus
1135 5051 1182 5099 stri
1191 5053 1310 5113 pmmau.
1320 5051 1422 5098 Frustra
1431 5047 1551 5098 blaterant
1560 5059 1617 5109 ergo
1626 5047 1702 5098 (talli-

130 5135 210 5188 qaum
227 5122 268 5173 illo
289 5127 396 5189 tempore
408 5123 508 5175 ctioerllt
526 5125 667 5176 carminata
688 5137 785 5176 summo
801 5125 892 5174 nonore
938 5124 1038 5174 machus
1048 5124 1074 5172 et
1086 5121 1168 5178 num,
1180 5120 1251 5183 qum
1262 5119 1332 5171 Plato
1340 5130 1391 5169 non
1401 5121 1465 5168 asset
1477 5117 1580 5168 alonem
1586 5117 1696 5181 jndican·

130 5193 289 5257 haberentur,
305 5195 441 5258 praetulisse
456 5195 546 5260 scripta
563 5195 699 5246 Andmaoht
710 5211 716 5245 ι
729 5195 790 5248 anco
809 5199 836 5245 ut
847 5193 892 5258 ipsi
941 5194 979 5244 dis
990 5191 1077 5258 poetis.
