3850 5925
268 354 299 399 vs
822 322 1040 389 antttlo.

267 473 417 539 Scutum
436 462 583 546 attinet,
605 458 756 529 lectores
772 452 818 525 ad
834 454 1009 548 egregiam
1024 450 1223 520 Hermanni
1243 447 1527 545 disputationem
1549 449 1596 523 de

268 587 402 685 triplici
426 584 536 655 huius
554 579 730 678 poematis
753 576 965 649 recensione
990 574 1216 644 remittamus
1236 586 1392 669 oportet.
1418 572 1596 644 Carminis

269 710 366 781 enim
381 704 580 778 intellectui
594 698 863 795 commodoque
878 696 1075 793 legentium
1088 694 1182 765 male
1195 693 1405 765 consultum
1417 694 1554 784 luisset,
1566 694 1596 765 si

271 831 370 903 nulla
378 828 500 901 addita
516 826 750 897 adnotatione
766 836 903 892 textum
915 817 1147 915 dispositioni
1163 817 1273 887 aviro
1286 814 1499 886 doctissimo
1511 841 1597 913 pro·

272 954 398 1051 positae
413 950 581 1047 adaptare
597 940 974 1037 voluissemus(r).De
994 939 1101 1029 tertii,
1109 936 1211 1034 quod
1230 951 1405 1035 superest,
1422 938 1599 1034 poematis

268 1062 435 1136 Hesiodei
467 1075 594 1131 natura
614 1055 784 1129 Lehrsius
816 1054 923 1125 frater
949 1053 1102 1126 dilectus
1134 1060 1382 1147 Quaestionum
1405 1069 1584 1160 ept'carum

268 1212 298 1255 a.
325 1183 412 1279 1837
433 1182 610 1253 editarum
631 1174 880 1248 dissertatione
893 1177 997 1246 tertia
1016 1200 1145 1246 novam
1165 1182 1330 1274 exposuit
1349 1186 1584 1269 sententiam,

264 1332 357 1401 quae,
371 1307 535 1405 quamvis
558 1307 679 1376 minus
697 1304 848 1402 probata
864 1328 882 1374 a
898 1303 1099 1392 nonnullis,
1115 1303 1267 1372 maxime
1285 1316 1406 1372 tamen
1417 1301 1592 1373 idoneum

264 1428 393 1501 barum
410 1452 530 1499 rerum
548 1427 706 1499 iudicem
723 1441 826 1497 nacta
845 1442 899 1497 est
915 1425 1144 1496 defensorem
1161 1422 1225 1520 (a).
1240 1428 1279 1493 lu
1296 1438 1420 1494 nostra
1432 1423 1592 1494 editione

265 1550 422 1647 singulas
436 1551 537 1622 facile
555 1573 727 1644 agnosces
746 1550 958 1637 sententias,
976 1570 1066 1643 quas
1085 1546 1255 1617 Lehrsius
1272 1571 1347 1617 non
1361 1547 1431 1617 nisi
1445 1561 1595 1643 propter

265 1673 460 1749 verborum
475 1672 706 1770 quorundam
727 1670 1002 1743 similitudinem
1017 1670 1248 1766 interpositas
1265 1694 1348 1740 cum
1366 1669 1507 1766 reliquo
1523 1694 1596 1741 car-

268 1799 366 1867 mine
378 1798 438 1869 vix
455 1795 635 1867 cohaerere
650 1794 884 1865 demonstrat.
905 1797 995 1880 Quae
1009 1792 1106 1862 idem
1120 1792 1336 1889 interpolata
1351 1818 1429 1864 esse
1448 1790 1595 1884 iudicat,

268 1920 372 1990 uncis
391 1918 628 2007 inclusimus,
651 1942 732 2014 quae
748 1942 768 1987 e
784 1917 891 1987 variis
907 1915 1185 1987 recensionibus
1199 1940 1363 1986 manasse
1378 1915 1478 2004 vult,
1504 1915 1597 1987 indi·

268 2064 348 2112 care
363 2064 438 2111 non
458 2040 572 2111 licuit.
586 2039 717 2110 Multas
732 2039 905 2110 lectiones
923 2039 960 2108 in
983 2039 1195 2109 recensione
1211 2052 1328 2109 textus
1346 2038 1597 2133 Goettlingiani

268 2170 315 2242 ab
330 2174 538 2241 Hermanno
553 2169 823 2242 commendatas
837 2170 875 2240 iu
891 2182 1058 2240 nostrum
1071 2171 1234 2265 Operum
1247 2183 1283 2240 et
1297 2169 1447 2240 Dierum
1460 2182 1598 2240 textum

270 2315 363 2361 nova
380 2290 448 2361 hac
462 2291 601 2362 ratione
620 2290 837 2387 dispositum
852 2289 1037 2362 introduci
1053 2315 1128 2362 non
1141 2291 1304 2388 potuisse
1317 2306 1475 2389 apparet.
1489 2290 1599 2379 Quod

272 2411 419 2483 Hesiodi
443 2412 724 2508 fragmentorum
746 2413 911 2485 collectio
929 2428 1003 2483 tam
1018 2428 1121 2484 aucta
1137 2429 1284 2510 tamque
1299 2412 1489 2485 emendata
1500 2438 1600 2486 nunc

273 2534 310 2603 iu
329 2534 449 2605 lucem
465 2534 606 2632 prodit,
633 2534 671 2606 id
690 2536 798 2606 etiam
817 2540 1027 2607 Hermanno
1046 2534 1217 2626 debetur,
1246 2537 1328 2633 qui,
1347 2552 1541 2634 postquam
1559 2537 1598 2607 in

275 2656 485 2729 recensione
499 2656 557 2728 illa
573 2656 865 2753 Goettlingianam
879 2658 1131 2729 collectionem
1145 2660 1330 2754 castigavit
1339 2658 1536 2756 multisque
1549 2657 1601 2731 lo-

274 2780 325 2850 cis
348 2779 464 2851 citatis
485 2780 736 2876 locupletavit,
762 2781 909 2877 triginta
926 2782 993 2852 tria
1013 2781 1211 2876 fragmenta
1228 2780 1370 2852 addidit
1395 2807 1489 2854 nova
1516 2781 1561 2878 (l.
1575 2783 1600 2853 l.

274 2925 352 3000 pag.
367 2900 603 2999 266-271),
621 2927 703 3001 quae
718 2904 755 2975 in
771 2904 932 2976 editione
947 2918 1072 2976 nostra
1086 2902 1187 2975 litera
1207 2908 1250 2974 H.
1265 2906 1482 2976 notavimus.
1496 2908 1602 2977 Acce·

274 3022 551 3120 duntpraeterea
562 3025 766 3122 complura,
786 3052 867 3124 quae
886 3051 1108 3125 quamquam
1127 3028 1164 3097 in
1179 3025 1381 3098 Lehmanni
1400 3025 1444 3097 de
1457 3027 1604 3098 Hesiodi

275 3145 487 3216 ccrrmiru‘bus
502 3147 654 3242 perditis
665 3149 847 3244 particula
869 3153 985 3246 priori
999 3174 1099 3220 anno
1127 3150 1218 3221 1828
1239 3150 1395 3221 Berolini
1420 3150 1513 3221 edita
1527 3151 1603 3246 jain

275 3264 465 3358 leguntur,
492 3292 513 3338 a
533 3267 744 3363 Goettlingio
760 3272 891 3342 omissa
904 3285 1007 3359 sunt,
1021 3273 1162 3368 triaque
1180 3273 1218 3342 in
1242 3273 1401 3344 Crameri
1415 3273 1604 3346 anecdotis

275 3385 436 3482 primum
478 3386 652 3482 evulgata.
683 3393 857 3461 Numeros
872 3390 1137 3485 Goettlingianae
1168 3391 1392 3464 collectionis
1424 3395 1503 3465 sine
1531 3395 1604 3465 ulla

276 3504 378 3578 litera
397 3509 531 3580 nostris
554 3511 812 3607 apposuimus,
830 3513 991 3582 numeris
1015 3511 1239 3583 collectionis
1267 3515 1470 3586 Lehmanni
1502 3516 1603 3586 litera

278 3633 335 3718 L.,
351 3629 576 3702 collectionis
592 3631 772 3704 Gaislordi
783 3634 838 3706 vel
853 3632 1034 3705 Dindorfii
1052 3632 1155 3704 litera
1167 3636 1209 3704 D.
1223 3632 1405 3731 adscripta
1424 3650 1488 3706 est.
1499 3641 1604 3731 Frag-

277 3755 806 3826 mentumCXVllHermannus
818 3757 855 3826 in
867 3752 1131 3852 praefationead
1143 3754 1262 3850 Eurip.
1278 3755 1402 3826 Helen.
1416 3779 1494 3852 pag.
1509 3759 1603 3827 xvtl

276 3875 430 3946 correxit
443 3927 452 3964 ,
475 3874 625 3972 ejusque
638 3877 930 3950 emendationem
942 3877 1158 3974 recepimus,
1171 3901 1392 3975 quamquam
1404 3879 1603 3950 Hesiodum

277 3997 326 4068 ita
339 3998 511 4069 cecinisse
526 3997 634 4070 nobis
653 3999 942 4096 persuaderetis
959 4023 1166 4096 possumus.

324 4123 363 4189 ln
384 4125 589 4191 Aronsorrro
612 4123 838 4194 aWellaueri
857 4123 1076 4194 lectionibus
1095 4147 1362 4220 nonnunquam
1379 4126 1603 4197 recessimus.

278 4245 325 4311 Ex
355 4243 417 4332 iis,
452 4267 541 4340 quas
573 4244 746 4316 editionis
775 4244 1048 4318 Wellauerianae
1074 4245 1220 4317 criticus
1255 4244 1464 4343 (ephemm.
1491 4246 1602 4319 literr.

315 4489 358 4570 (1)
379 4495 501 4552 Versum
518 4503 583 4565 stt,
597 4495 713 4574 qualern
736 4497 764 4554 iu
788 4517 845 4555 uua
863 4499 950 4556 trium
962 4498 1078 4557 illarum
1089 4499 1292 4558 recessionum
1311 4499 1399 4558 luisse
1420 4501 1603 4558 Hermaunus

276 4595 348 4667 vult,
362 4598 452 4654 textui
465 4616 519 4656 sno
533 4597 598 4656 loco
614 4599 827 4659 subiunximus.

199 4717 203 4724 ¹
317 4698 358 4779 (a)
379 4703 596 4774 Romanunm,
609 4705 700 4782 quiin
715 4705 812 4764 Jahnii
825 4703 977 4764 annalibus
991 4705 1157 4783 philologia
1178 4705 1256 4764 huuc
1277 4705 1385 4764 librum
1407 4717 1493 4783 atque
1515 4702 1593 4760 illam

279 4807 436 4883 prasertim
451 4807 681 4867 dissertationem
697 4809 844 4868 iudicavit.
857 4811 944 4869 Aliud
960 4811 1106 4868 decadem
1119 4810 1320 4869 dissertatione
1333 4810 1472 4869 iudicium
1483 4811 1512 4868 iu
1525 4809 1602 4871 Zim-

279 4911 439 4968 rnorrnanni
450 4911 593 4988 ephemns.
613 4914 652 4989 (a.
669 4915 742 4972 1836
753 4959 761 4986 ,
773 4933 836 4992 pag.
860 4915 935 4972 1006
949 4917 1025 4993 sqq.)
1042 4914 1096 4973 sub
1110 4915 1188 4973 calce
1202 4917 1388 4992 recensionis,
1403 4935 1490 4994 quam
1510 4917 1603 4978 Iulius

280 5019 377 5075 Caesar
395 5016 430 5074 dc
445 5016 495 5076 illo
509 5016 651 5076 Soetbccri
665 5020 807 5097 opusculo
820 5021 945 5100 scripsit,
960 5039 1012 5076 nos
1021 5019 1107 5090 legere
1121 5015 1300 5073 meminimus.
