3850 5925
238 415 256 465 o
791 398 977 461 Ptsauottl
997 397 1247 461 FRAGMENTA.

297 538 397 595 Τοῦτον
409 532 432 591 δ’
441 530 520 592 αὐτὸν
534 530 655 608 ὁδᾶμος,
668 529 705 596 ὣς
715 526 778 610 (ἄρ’
788 529 868 609 εἰδῇς,
1048 531 1252 609 compilatore,
1268 530 1319 609 qni
1335 529 1412 610 apud
1428 531 1601 609 llesychiom
1619 533 1745 593 fortasse
1756 526 1809 593 ttr-

298 640 388 701 pm·
402 638 508 712 ἐνθάδε,
521 636 634 717 χάλκεον
648 633 750 707 ποήσας
1045 617 1146 677 lesium
1161 620 1268 697 legeret
1278 621 1400 701 ἡρωϊκῶν
1415 619 1684 699 ἰίίοννννννθεογοιμίων
1694 624 1808 682 initium

297 746 404 811 πολλοῖς
415 742 495 823 meh
508 740 599 801 pm&
615 742 771 813 κήνιαυτοῑς.
1047 706 1134 766 luisse
1154 706 1242 789 Ἥρας
1263 706 1308 765 καί
1328 704 1389 773 Διὸς
1410 706 1519 786 gripor:
1539 730 1606 768 uam
1632 711 1808 771 vocabulum

1045 794 1158 875 ἡρωϊκόν
1183 795 1303 853 fortuito
1324 793 1511 855 librariorum
1537 818 1683 856 consensu
1703 798 1809 859 abiisse

277 883 364 955 Quod
379 882 415 941 de
434 880 520 946 ἄθλοις
535 877 707 956 significavit
719 877 907 949 Theocritus,
926 892 1002 955 prae-
1045 882 1192 943 invocem
1208 884 1368 942 inauditam
1383 884 1449 961 quis
1462 885 1585 944 credat?
1604 886 1702 957 (ridde
1715 886 1809 965 dispu-

238 972 352 1051 cipuarn
367 980 480 1047 partem
495 986 545 1027 eos
562 966 650 1024 luisse
670 983 792 1043 poeseos
807 964 956 1036 Pisandri,
971 966 1002 1023 id
1046 971 1283 1048 tataahlleynio,
1296 972 1426 1031 Excursu
1439 973 1807 1051 linl'irg.AEn.ll,p.316

240 1059 398 1135 fragmenta
421 1054 558 1113 videntur
582 1054 760 1110 confirmare.
782 1050 868 1111 Cous.
887 1051 1001 1111 llliiller.
1046 1058 1263 1138 sq,ed,1)aris.)
1280 1059 1431 1119 macrobio
1446 1061 1702 1120 acceditzosimus
1720 1064 1807 1133 restis,

240 1149 310 1206 Dor.
322 1145 381 1205 vol.
394 1146 416 1217 l,
432 1163 461 1221 p-
477 1150 544 1211 ίίνί.
560 1140 732 1203 Plutarchus
745 1138 830 1219 (Mor.
841 1158 869 1217 p.
883 1138 1001 1211 saar),
1046 1145 1154 1204 Histoe.
1166 1147 1203 1213 V,
1220 1164 1278 1222 29:
1295 1144 1488 1219 ...ὁποιητὴς
1502 1147 1807 1228 Πείσανδροςὸιῇςῡ,
1910 1213 1911 1216 ¹

239 1232 411 1295 Pisandrum
425 1232 503 1289 inter
513 1228 648 1306 antiquos
662 1228 818 1305 scriptores
830 1245 926 1285 rerum
935 1229 1003 1286 ller-
1046 1229 1185 1313 Ἦρωῑκῶν
1196 1232 1495 1317 Θιογαρίωνέπιγραρῇ
1506 1244 1594 1293 πᾶσαν
1605 1238 1642 1302 ὣς
1651 1238 1807 1296 cinisium·

238 1322 311 1381 culis
326 1331 487 1387 memorat,
510 1336 636 1396 quorum
654 1316 750 1373 nullus
768 1314 882 1374 noverit
896 1316 1004 1374 llercu·
1047 1317 1104 1399 ρίαν
1119 1317 1346 1401 παρολορὸάνων.

240 1413 295 1471 lem
311 1412 485 1490 AEgyptium.
1085 1409 1193 1465 Verum
1204 1428 1265 1465 uon
1280 1407 1416 1467 morabor
1427 1408 1565 1467 lectorem
1577 1409 1749 1467 enarrandis
1759 1409 1807 1468 dil

278 1502 350 1572 Quae
363 1499 399 1558 de
411 1496 586 1557 cauuiuibus
601 1495 673 1555 salso
687 1494 724 1553 ad
739 1493 912 1556 Pisandrum
928 1494 1004 1553 reln·
1046 1492 1238 1567 licultatibus,
1260 1496 1306 1555 vel
1320 1496 1435 1573 lleyuio
1450 1495 1724 1574 inexplicabilibus,
1741 1497 1805 1573 qui-

239 1585 493 1647 tisSuidasverha
511 1584 600 1655 lacit,
615 1583 768 1641 ostendere
788 1582 925 1641 videntur
943 1601 1003 1639 non
1046 1579 1161 1641 basilla
1175 1583 1212 1641 de
1230 1583 1377 1642 Pisandris
1393 1584 1515 1661 quaestio
1529 1574 1733 1661 premebatur,
1754 1604 1805 1643 an-
1910 1655 1911 1664 ν

239 1676 325 1735 luisse
337 1694 449 1753 pauca,
464 1674 590 1751 primum
601 1670 636 1731 τί(
649 1668 677 1729 δὲ
690 1669 759 1729 ἄλλα
772 1672 824 1729 τῶν
835 1666 1003 1748 ποιημάτων,
1047 1681 1163 1748 tequam
1176 1670 1344 1729 Welckerus
1359 1666 1411 1748 (de
1423 1671 1513 1747 Cyclo
1529 1672 1616 1748 epico
1636 1690 1668 1749 p.
1685 1693 1722 1748 97
1736 1673 1806 1750 sqq.)

239 1785 297 1823 uon
321 1764 379 1822 hoc
405 1764 450 1821 vel
475 1761 572 1832 illud,
601 1759 724 1833 deiude,
750 1756 878 1837 γενόμενοι
903 1758 954 1817 ίνπιί
973 1782 1003 1817 τι
1047 1758 1155 1815 exitum
1168 1778 1204 1817 ex
1217 1758 1273 1817 illis
1290 1754 1462 1836 ambagibus
1474 1770 1670 1816 monstraret:
1688 1762 1806 1818 cuiriro

237 1852 323 1911 ἄλλων
338 1850 383 1911 καί
393 1848 539 1932 Ἀριστέως,
556 1868 613 1906 nou
627 1849 729 1917 unius,
743 1848 793 1906 sed
806 1848 942 1925 plurium.
966 1850 1004 1907 Et
1047 1847 1282 1922 praestantissimo
1295 1858 1327 1905 ut
1342 1866 1394 1924 per
1407 1847 1504 1904 omnia
1517 1847 1719 1919 assentiamur,
1742 1848 1807 1905 iacit

238 1955 393 2021 supersunt
408 1942 567 2018 fragmenta
583 1959 648 2017 quae
666 1938 703 1997 ad
715 1938 882 1997 Heracleam
899 1938 1003 1996 referri
1046 1946 1076 1992 et
1093 1934 1135 1992 rei
1152 1947 1277 2009 natura,
1293 1947 1323 1992 et
1338 1934 1568 2018 testimoniorum
1585 1934 1630 1993 ris
1644 1948 1723 1994 reete
1734 1936 1806 1993 aa·

170 2020 174 2028 ¹
239 2044 405 2109 nequenut;
421 2041 553 2107 superest
570 2024 766 2085 memorabilis
785 2027 866 2085 locus
885 2028 1001 2085 Macro·
1047 2034 1140 2099 mata,
1154 2035 1184 2080 et
1202 2023 1261 2080 alia
1283 2022 1313 2081 iu
1336 2021 1398 2080 istis
1418 2021 1536 2094 rivulis,
1552 2021 1632 2080 unde
1653 2023 1805 2080 multorum

239 2118 298 2191 bii,
314 2118 406 2175 multo
420 2116 506 2174 etiam
525 2114 614 2193 magis
636 2114 729 2172 aliena
743 2112 780 2171 ab
802 2113 852 2171 illo
868 2126 1002 2191 poemate
1046 2110 1221 2187 scriptorum
1237 2110 1365 2189 cognitio
1378 2107 1465 2167 nobis
1478 2108 1640 2168 haurienda
1652 2124 1710 2185 est,
1724 2108 1804 2168 simili

239 2226 359 2265 narrans
375 2206 499 2282 (Satura.
509 2204 542 2273 V,
557 2222 585 2273 a,
601 2222 631 2279 p.
642 2203 691 2279 6ο)
705 2224 713 2259 :
728 2226 739 2252 ι
754 2201 944 2259 Dicturumne
956 2221 1002 2260 me
1046 2197 1134 2257 modo
1146 2200 1269 2271 inversa,
1279 2198 1731 2272 contaminata,consusa.Paucis
1744 2220 1804 2277 que

235 2292 347 2371 putatis
362 2310 475 2369 eaquae
495 2289 584 2366 vulgo
602 2301 670 2346 uota
691 2290 779 2346 sunt?
800 2287 879 2366 quod
901 2289 1002 2347 Theo·
1046 2288 1094 2346 ille
1107 2288 1243 2366 exposuit
1264 2288 1493 2366 complectimur.

238 2382 345 2439 critum
360 2378 519 2457 (Virgilius)
538 2377 594 2436 sibi
620 2377 721 2435 lecerit
735 2376 886 2455 pastoralis
905 2377 1003 2455 operis
1087 2376 1203 2433 Veteres
1214 2375 1306 2433 critici
1322 2395 1359 2434 ex
1378 2375 1573 2447 carminibus,
1592 2395 1659 2453 quae
1679 2373 1803 2436 Pisandn'

238 2482 387 2528 auctorem
400 2470 472 2526 i...
504 2466 571 2527 ,vel
595 2464 675 2543 quod
697 2464 874 2523 eversionem
895 2465 1002 2543 Trojae,
1046 2464 1163 2521 nominc
1177 2462 1535 2537 ferebantur,llctacleam
1548 2462 1642 2522 solam
1652 2463 1804 2521 (Iamirensi

237 2577 302 2615 cum
308 2558 416 2618 Sinone
427 2568 479 2613 suo
491 2566 520 2613 et
534 2574 610 2633 equo
622 2554 728 2631 ligneo,
738 2554 897 2631 ceterisque
910 2554 1004 2613 omni·
1047 2550 1214 2610 tribuebant
1225 2573 1234 2622 ;
1259 2553 1369 2631 reliqua
1381 2571 1437 2630 pro
1455 2553 1564 2632 spuriis
1578 2550 1745 2611 habebant:
1758 2551 1803 2609 sed

239 2644 293 2703 bas
322 2664 387 2723 quae
405 2642 512 2701 librum
539 2640 698 2701 secuudum
721 2641 844 2713 laciuut,
860 2662 878 2697 a
898 2643 1003 2701 Pisau-
1045 2660 1105 2698 nou
1120 2659 1213 2718 pauca
1227 2640 1417 2700 inveniuntur
1436 2642 1515 2719 apud
1536 2641 1741 2719 grammaticos
1758 2639 1805 2697 do-

237 2736 288 2789 dra
297 2734 439 2809 penard
451 2732 562 2787 acrorem
575 2731 807 2805 transcripserit?
827 2730 877 2805 qui
890 2730 1003 2806 (Pisum
1046 2740 1109 2786 ctos
1120 2740 1150 2785 et
1163 2727 1329 2787 recentibus
1340 2728 1423 2787 libris
1435 2730 1552 2787 minime
1563 2741 1680 2787 utentes
1688 2747 1805 2786 comme·
1910 2741 1911 2750 ¹

238 2820 301 2896 der)
325 2820 529 2879 interGraecos
543 2830 644 2895 poetas
661 2817 767 2875 eminet
785 2836 873 2894 opere
892 2818 1002 2895 quoda
1046 2828 1157 2873 morata
1171 2836 1208 2874 ex
1226 2816 1368 2876 Pisandro
1383 2816 1491 2895 quihus
1500 2817 1586 2876 locus
1609 2836 1674 2875 esse
1688 2834 1805 2893 nonpo

238 2909 347 2986 nuptiis
365 2908 447 2969 iovis
474 2919 504 2967 ct
524 2906 648 2968 lunonis
673 2905 830 2984 incipiens,
853 2905 1003 2966 universas
1047 2914 1121 2962 terat
1135 2904 1165 2962 iu
1177 2905 1334 2976 lleraelea3
1351 2904 1463 2964 accedit
1478 2926 1554 2984 opus
1569 2902 1607 2964 ab
1619 2902 1768 2965 hlacrobio
1777 2914 1804 2960 et
1910 2911 1911 2950 t

238 2997 392 3066 historias,
414 3015 479 3074 quae
501 2994 603 3052 mediis
624 2993 760 3052 omnihus
783 2994 893 3052 saeculis
913 3015 1003 3071 usque
1046 2993 1164 3050 Zosimo
1184 2993 1376 3069 delineatum,
1402 3014 1439 3052 ne
1453 2994 1546 3072 ipsum
1561 2995 1681 3074 quidem
1702 3011 1804 3061 moena,
1910 3038 1911 3045 .

236 3089 277 3141 ad
287 3098 401 3142 retorem
414 3088 504 3161 ipsius
516 3085 653 3141 Pisandrr'
665 3085 858 3160 contigerunt,
874 3084 902 3141 in
916 3104 1001 3143 unum
1047 3093 1148 3159 utpote
1173 3081 1285 3160 Virgilii
1310 3082 1466 3160 exemplar.
1492 3084 1555 3141 lloc
1574 3103 1650 3160 opus
1672 3080 1803 3162 Ἦρωῐκῶν
1910 3108 1911 3113 ¹

238 3176 340 3233 seriem
354 3188 469 3234 coactas
486 3174 644 3252 redegerit,
667 3185 696 3232 et
717 3194 805 3232 unum
826 3193 861 3232 ex
882 3175 1002 3235 diversis
1045 3165 1204 3245 Θεογαμίων
1231 3188 1290 3225 11011
1317 3181 1434 3246 poteret
1452 3188 1514 3227 esse
1526 3169 1716 3228 larendensis
1729 3168 1803 3225 istius
1910 3208 1911 3257 ν

239 3263 367 3321 hiatibus
388 3275 552 3341 temporum
576 3281 683 3338 corpus
709 3261 864 3321 effecerit?
888 3263 919 3320 in
941 3285 1002 3342 quo
1046 3255 1191 3328 Pisafldih
1213 3256 1380 3315 dlfflndw
1397 3258 1507 3317 selem
1519 3257 1654 3335 aequalis:
1670 3275 1804 3334 111111Ρθῐ·
1910 3266 1911 3323 l

238 3371 328 3428 opere
349 3349 426 3408 iuter
445 3349 580 3407 historias
603 3361 712 3406 ceteras
731 3348 864 3407 interitus
884 3370 1002 3429 quoque
1045 3351 1154 3429 scripta
1167 3351 1209 3409 ibi
1227 3365 1310 3410 erant
1325 3378 1337 3404 ι
1350 3371 1415 3430 quae
1429 3372 1517 3428 usqae
1534 3355 1578 3408 ad
1587 3366 1705 3409 aetatem
1722 3355 1803 3426 ipsuis

238 3439 263 3496 T
266 3436 333 3514 rojae
348 3438 377 3493 iu
397 3437 474 3494 hunc
485 3435 601 3494 modum
618 3436 725 3494 relatus
739 3450 814 3494 est.»
830 3437 882 3496 llla
895 3437 931 3497 de
944 3461 1002 3498 car·
1045 3441 1184 3496 Pisandri
1208 3441 1394 3517 contigerunt
1404 3462 1414 3512 3
1425 3466 1438 3492 ν
1462 3441 1524 3498 haec
1544 3438 1634 3498 rerba
1652 3454 1682 3498 et
1704 3437 1803 3498 enoris
1910 3426 1911 3473 l

239 3525 315 3583 utine
330 3523 462 3582 Pisandri
481 3548 492 3574 ν
505 3543 522 3580 a
537 3523 620 3583 lovis
640 3535 669 3581 et
685 3524 807 3584 lunonis
822 3525 932 3609 nuptiis
953 3528 1001 3584 iu·
1045 3526 1237 3604 suspicionem
1261 3547 1377 3586 omnem
1391 3540 1541 3585 removent
1560 3548 1578 3585 a
1594 3525 1742 3585 llacrobio
1754 3568 1762 3594 ,
1776 3537 1803 3581 et
1910 3574 1911 3591 ,

237 3609 462 3688 cipieutenhaec
475 3610 730 3688 Suidaeappellant
746 3610 783 3668 de
795 3611 886 3670 altero
898 3615 1001 3674 Pisan-
1044 3614 1268 3692 explicationem
1300 3615 1455 3693 porrigunt
1495 3616 1537 3674 rei
1570 3617 1730 3693 permirae:
1757 3609 1802 3690 qui

237 3698 291 3755 ‹lro
304 3698 401 3756 dicta.-
414 3697 590 3778 Πείσανδρος,
605 3695 735 3778 Νέστορος
749 3704 795 3756 τοῦ
812 3705 922 3772 ποιητοῦ
938 3702 1001 3776 υἱὸς,
1045 3701 1152 3760 lactum
1186 3703 1224 3761 sit
1257 3715 1289 3761 ut
1318 3701 1478 3774 Pisander,
1515 3723 1604 3780 quem
1639 3701 1802 3760 confitentur

238 3783 424 3864 Λαρανδεὺς,ἢ
439 3784 568 3852 hardus<
584 3786 640 3860 (sic
654 3787 757 3863 optimi
773 3787 906 3847 codices:
922 3805 1000 3850 recte
1044 3808 1145 3848 omnes
1158 3790 1282 3868 plurima
1298 3791 1327 3848 in
1344 3789 1431 3850 rebus
1443 3791 1576 3849 llerculis
1591 3792 1741 3848 innovasse
1751 3800 1801 3845 eta

237 3873 408 3932 Gaislordus
431 3871 592 3940 Λυκοόνιοςε
613 3893 679 3931 nam
704 3874 765 3950 ejus
788 3888 896 3934 tractus
917 3893 1001 3938 erant
1044 3877 1148 3953 priscis
1168 3877 1262 3955 poetis
1286 3877 1470 3949 discessisse,
1494 3879 1684 3936 nihilominus
1703 3897 1720 3934 a
1741 3876 1802 3953 qui·

238 3961 398 4039 Laranda),
418 3959 530 4040 γιγονιὶνς
547 3961 591 4020 aa
615 3960 780 4043 Ἀλεξάνδρου
806 3962 934 4042 βασιλίννς
954 3973 1001 4025 τῶ
1043 3961 1165 4022 busdam
1179 3964 1337 4024 haberetur
1353 3966 1487 4045 Eumolpi
1501 3965 1620 4043 aequalis
1632 3979 1664 4024 et
1676 3965 1801 4032 amasius,

239 4047 365 4124 Μοιμνιίας
379 4047 673 4116 παιδὸς,ίποποιὸςκαί
686 4047 769 4115 αὐτός.
785 4047 1000 4131 Ἔγραψενὶοτο-
1044 4050 1081 4110 ab
1097 4052 1162 4110 aliis
1183 4053 1310 4112 llesiodo
1331 4054 1489 4130 antiquior.
1517 4053 1662 4112 Nimirum
1682 4049 1802 4113 Pseudo-

237 4132 294 4212 ρίαν
309 4135 431 4206 ποικίλην
449 4135 482 4193 δι’
493 4137 579 4209 ἐπῶν,
593 4133 624 4205 ἣν
637 4135 775 4218 ἐπιγροίρει
787 4133 921 4217 Ἡραῖκῶν
935 4138 998 4218 (sic)
1044 4139 1183 4216 pisander
1201 4141 1232 4198 in
1252 4141 1309 4200 fine
1330 4143 1438 4198 heroici
1458 4141 1512 4199 aesi
1532 4160 1594 4199 sese
1611 4141 1801 4198 constituerat.

236 4219 397 4298 θεογοιμίων,
420 4221 447 4278 ἐν
465 4219 575 4299 βιὸλίοις
594 4219 636 4288 ἕξ·
653 4220 697 4279 καί
716 4223 785 4280 ἄλλοι
805 4225 998 4302 καταλογάδην.
1043 4228 1115 4298 Qua
1131 4247 1176 4285 res
1197 4228 1322 4286 vicissim
1336 4227 1488 4286 confirmat
1501 4240 1532 4286 et
1552 4228 1588 4285 de
1605 4229 1716 4286 Zosimi
1728 4232 1801 4304 ἡρωϊ-

235 4307 292 4364 Sed
318 4320 433 4386 poetam
455 4308 510 4366 suh
532 4307 697 4367 Alexandro
723 4313 829 4368 Severo
855 4311 998 4372 viventem
1043 4322 1098 4380 κοῖς
1114 4312 1262 4392 Θεογαμίοις
1282 4316 1363 4392 loqui
1385 4313 1585 4387 Macrobium,
1605 4329 1636 4373 et
1654 4313 1803 4394 suppositi-

236 4393 371 4474 Virgilius
385 4397 492 4454 imitari
509 4415 566 4454 nou
587 4407 721 4474 poterat:
745 4396 782 4454 ah
806 4397 895 4456 altera
916 4415 999 4476 parte
1045 4400 1116 4458 tium
1134 4402 1222 4460 luisse
1235 4402 1293 4460 hoc
1307 4423 1390 4480 opus.
1414 4405 1479 4463 lam
1499 4423 1557 4460 non
1577 4423 1696 4461 necesse
1715 4414 1757 4461 est
1771 4399 1804 4457 de

234 4483 355 4559 ἡρωϊκῶν
379 4482 525 4562 θεογοιμίων
549 4483 622 4542 liber
639 4483 711 4541 adeo
726 4496 811 4562 aptus
827 4497 871 4544 est
889 4485 999 4545 descri—
1043 4489 1235 4548 eo'Pisandro
1254 4490 1375 4548 sollicite
1401 4510 1552 4568 querere,
1574 4510 1702 4569 quocum
1714 4493 1803 4566 θεον(-

236 4569 328 4645 ptioui
342 4571 550 4644 Macrobiauae,
567 4584 600 4629 ut
615 4573 718 4630 mirum
736 4574 860 4632 maxime
879 4575 953 4632 soret
975 4577 997 4633 si
1043 4575 1111 4652 μίων
1125 4579 1296 4655 scriptorem
1308 4578 1412 4638 Suidas
1427 4577 1601 4636 confoderit.
1620 4579 1722 4638 Codex
1735 4576 1806 4636 Pari

236 4655 442 4735 intelligeretur
453 4661 535 4718 alius.
550 4660 601 4718 vet
614 4659 747 4718 codicum
759 4661 856 4722 suida
867 4663 996 4720 omnium
1042 4666 1123 4722 sinus
1138 4670 1160 4722 B
1181 4665 1261 4742 apud
1282 4666 1488 4733 Gaisfordnm,
1509 4665 1568 4723 duo
1589 4666 1716 4725 Patisini
1732 4663 1803 4743 apud

235 4746 377 4822 scriptura
389 4749 506 4826 ἠραϊκῶν
526 4748 655 4824 prolecta
665 4748 758 4807 videri
775 4761 871 4826 potest
882 4749 919 4807 ab
931 4751 996 4828 ipso
1044 4753 1200 4810 Kustemm
1213 4752 1345 4830 praebent
1361 4751 1511 4833 ἐνβνὸλίονς
1520 4773 1580 4812 non
1598 4751 1643 4830 st,
1653 4757 1706 4814 sed
1720 4754 1750 4824 ξ’,
1760 4757 1802 4822 6⁰,

306 4911 385 4964 Hunc
401 4924 464 4964 vero
476 4911 565 4982 ipsum
581 4911 714 4983 populns,
729 4914 846 4970 utcerlo
861 4912 947 4982 scias,
1041 4915 1151 4965 umen
1171 4914 1214 4964 titii
1228 4931 1234 4964 :
1248 4920 1319 4980 pocta
1339 4918 1423 4981 epicos
1445 4921 1470 4968 et
1488 4917 1548 4982 ipse
1564 4917 1668 4981 scripsit
1685 4918 1803 4968 listorhn

304 4985 446 5042 collocavit
459 4986 517 5054 hie,
528 5003 635 5045 aeneum
651 5004 772 5060 ponens,
1042 4983 1133 5034 imm
1151 4985 1270 5049 renibus,
1285 5001 1359 5050 (1111111
1381 4988 1505 5051 imiimi
1525 4991 1638 5039 ΗΜ
1657 4988 1803 5052 mam

305 5064 400 5120 multis
418 5065 557 5124 mensibus
572 5071 635 5139 post
650 5072 678 5123 et
692 5069 780 5124 annis.
1040 5053 1066 5136 s!
1077 5067 1110 5136 ἣν
1122 5059 1150 5104 ¹¹²
1166 5055 1271 5119 ’Ῑάθωῐν
1287 5071 1327 5107 Μ
1354 5059 1457 5108 ¹¹0¹⁰¹¹¹¹¹
1479 5059 1537 5108 ¹⁰⁶⁰
1551 5072 1566 5109 ⁸
1582 5059 1685 5109 ‘lm'
1698 5058 1803 5124 numa),

264 5141 395 5206 Pisander,
405 5143 512 5198 Nestoris
523 5149 600 5208 poetae
612 5145 689 5206 lilius,
703 5145 879 5210 Larandeusis,
894 5151 937 5197 ant
951 5150 996 5212 Ly·
1039 5124 1107 5206 mm?
1121 5138 1164 5174 ⁸⁰³
1177 5128 1240 5184 (⁸⁶⁰⁰
1249 5130 1336 5189 Ρθίίω
1346 5129 1482 5192 “mimi
1494 5131 1655 5179 mmm
1673 5132 1736 5179 Μ
1745 5129 1800 5190 ὢν

232 5211 350 5276 mouns,
369 5213 411 5278 qul
428 5213 492 5265 risit
511 5215 658 5278 tenporibus
679 5215 809 5274 Alexandri
825 5217 993 5282 imperatoris,
1014 5253 1020 5261 ·
1039 5199 1147 5246 mum
1157 5195 1244 5245 ”lm
