3850 5925
722 392 942 455 ANTIMACHI
963 393 1211 455 FRAGMENTA.
1711 402 1742 450 at

508 522 602 580 cxlv,

981 522 1096 605 τέρψεις,
1109 544 1137 581 ν.
1163 527 1180 580 5
1207 525 1270 581 Vat.
1289 527 1369 581 καθεσ
1381 522 1459 599 (sic),
1480 535 1509 579 et
1537 542 1563 580 ν.
1579 523 1597 578 6
1618 520 1649 581 sb
1663 519 1687 581 δ’
1704 520 1747 579 εύ-

211 609 324 670 l‘rcbns
346 609 382 667 ad
407 609 507 687 Virgil.
531 611 591 668 Ecl.
610 607 655 681 X,
679 612 714 667 18
734 632 740 666 :
761 613 886 683 Adonis,
906 626 937 667 ut
980 634 1057 687 χεται
1069 608 1100 668 δν
1115 612 1166 683 εἰς,
1178 611 1287 671 vitiose.
1302 610 1376 669 Edit.
1389 611 1514 669 Floreat.
1527 610 1644 691 εὐχίταν.
1659 611 1743 668 hecto

169 696 314 755 Hessbdns
336 703 394 767 cit,
417 698 558 753 Phoenicis
583 711 611 755 et
634 696 936 775 Alprlresiboeoe313s-

170 786 247 841 noris
266 786 415 854 clorensis,
427 786 479 859 qui
490 785 601 858 Syriam
623 783 817 859 Arabiamque
849 788 936 841 tenuit

167 874 301 947 imperio,
323 884 354 927 nt
366 873 556 927 Antimachus
570 874 612 927 uit
628 894 637 927 .·
656 878 779 948 regnauit
791 878 819 928 in
836 873 934 947 Cypro.

167 959 255 1018 initio
269 958 451 1017 scribendum
465 958 591 1027 videtur,
651 956 846 1033 Alphesiboea
859 964 936 1032 Age·

167 1049 264 1115 noris3
284 1048 421 1117 Tuane,
433 1048 497 1121 qni,
511 1058 564 1103 etc.
581 1047 612 1102 V.
625 1065 712 1122 supra
723 1046 757 1103 ir.
768 1046 934 1120 Panyasidis

169 1134 259 1209 ²3,.in
279 1152 337 1208 ιγιιο
357 1134 420 1190 loco
435 1133 604 1209 Apollodori
618 1133 749 1190 similiter
762 1134 830 1191 olim
845 1130 934 1193 Θόαν-

166 1242 211 1285 τος
236 1219 385 1296 legebatur
410 1239 465 1295 pro
487 1218 622 1285 Θείαντος.
654 1219 708 1279 Sed
737 1219 877 1277 scholium
904 1220 933 1276 in

167 1307 270 1365 ceteris
293 1326 408 1383 tpioqnc
424 1306 570 1364 turbatum
583 1318 635 1365 est.

461 1450 644 1474 *a

431 1542 667 1601 EPIGRAMMA.

367 1654 496 1733 (Anthol.
509 1655 570 1714 Pal.
584 1656 639 1724 lX,
656 1658 734 1732 321.)

181 1776 364 1825 tnttttAxot
389 1776 440 1825 ΕΙΣ
452 1776 636 1827 ΑΦΡΟΔῙΤΗΝ
651 1778 919 1828 ΟΠΛΟΦΟΡΟΥΣΑΝ.

209 1898 295 1955 Τίιττε
310 1897 395 1975 μύθων
415 1898 540 1973 οίτλητος,
555 1898 702 1959 Ἐνυαλίοιο
718 1899 859 1978 λέλογχας,

249 2000 351 2083 Κύπρις
366 2002 404 2068 τίς
414 2006 429 2061 ὁ
439 2001 550 2083 ψεύστας
563 2001 661 2080 στυγνὰ
675 2006 776 2085 καθδψε
789 2003 875 2081 μέτην

208 2108 296 2177 ἔντεα;
310 2106 351 2165 col
362 2103 412 2188 γὰρ
421 2104 537 2187 Ἔρωτες
550 2106 682 2189 ἐφίμεμοι,
693 2106 710 2165 δ
723 2132 752 2166 τε
764 2108 822 2167 κατ’
834 2106 907 2167 elude

248 2210 338 2294 τέρψις
354 2212 400 2271 καί
415 2211 548 2292 κροτάλων
565 2214 722 2290 θηλυμανεῖς
737 2212 833 2273 dandos.

209 2316 328 2398 Δούρατα
342 2317 363 2375 δ’
380 2314 538 2395 αἱματόεντα
553 2315 628 2393 με’θες
640 2316 782 2395 Τριτωνίδι
793 2317 835 2398 δίᾳ

247 2428 345 2482 ταῦτα*
357 2420 389 2481 αθ
405 2421 427 2480 δΙ
442 2420 565 2499 εθγαίταν
582 2423 617 2486 είς
631 2420 752 2498 ὑμέναιον
770 2420 813 2481 ίθι.

206 2552 373 2613 Callimachi
393 2552 567 2629 epigramma
582 2572 642 2609 esso
657 2552 780 2610 credidit
794 2553 931 2612 Ruhnke-

169 2644 235 2700 nius
245 2686 253 2713 ,
263 2641 344 2717 cuijus
360 2642 485 2717 plurima
498 2652 565 2697 sunt
579 2641 607 2696 in
629 2640 801 2717 Anthologia
815 2641 932 2709 Graeca,

171 2728 333 2788 Antimachi
353 2728 409 2784 hoc
429 2747 516 2784 unum
535 2750 541 2783 :
558 2727 668 2803 lapsum
685 2728 761 2785 enim
783 2728 873 2786 videri
895 2730 932 2785 li-

169 2818 305 2877 brarium.
324 2816 380 2875 Sed
402 2816 499 2873 nescio
520 2835 555 2872 aii
575 2816 690 2873 diverso
707 2815 793 2873 modo
808 2806 933 2873 ratione-¹

171 2909 209 2965 ris
231 2903 418 2984 probabilius.
445 2904 477 2962 V.
497 2923 513 2959 a
529 2904 649 2963 Planud.
664 2901 758 2980 μοίταν.
772 2902 808 2965 Ὁ
820 2902 933 2986 ψεύστης

169 2995 206 3052 de
224 2993 332 3052 artifice
348 2993 398 3070 qni
418 2992 521 3049 Veneri
542 2991 676 3050 tribuerit
696 3012 759 3068 quae
776 2992 812 3050 ab
830 3005 933 3050 natura

170 3082 231 3158 ejus
258 3079 431 3138 videbantur
465 3079 645 3137 alienissima.
678 3078 933 3154 Obversabantur,

169 3168 263 3246 inquit
283 3166 452 3237 Jacobsius,
475 3165 645 3225 Antimacho
668 3165 819 3223 Homerica
841 3165 933 3243 (Iliad.

172 3257 206 3328 E,
225 3255 367 3330 labaim:

121 3386 130 3400 ⁸
209 3384 250 3444 Ού
259 3407 316 3458 τοι,
326 3381 414 3443 τέκνω
429 3382 507 3462 έμδν,
520 3382 622 3442 δέδοται
632 3382 766 3461 πολεμήϊα
779 3383 854 3465 ίργα·

210 3488 277 3551 ἀλλὰ
291 3487 323 3548 ού
339 3489 364 3566 γ’
380 3485 517 3570 ἱμερόεντα
532 3487 658 3568 μετέρχεο
668 3485 731 3568 ἔργα
746 3487 854 3566 γάμοιο,

210 3600 292 3654 ταῦτα
312 3593 334 3650 δ’
343 3587 420 3673 Ἄμηῑ
434 3593 485 3672 θοῷ
499 3590 543 3652 καί
554 3591 646 3668 Ἀθήνῃ
659 3590 744 3651 πάντα
757 3593 874 3670 μελήσει.

968 700 1138 770 ,Planudesn

1310 844 1416 861 ¹*

1020 923 1167 1000 Ejiciendu
1182 933 1263 980 erant
1276 940 1313 978 ex
1329 918 1491 978 Antimachi
1505 918 1670 994 fragmentis
1685 919 1743 995 pri·

980 1035 1057 1073 mum
1081 1031 1145 1089 qnae
1167 1007 1400 1085 Schellenbergio
1423 1018 1491 1063 sunt
1517 1008 1552 1062 32
1576 1017 1606 1062 et
1628 1006 1663 1063 33
1676 1049 1684 1077 ,
1705 1006 1759 1063 ad·

979 1102 1115 1178 cyclicum
1122 1098 1298 1158 Thebaidem
1309 1095 1493 1173 pertinentia;
1501 1093 1607 1152 deinde
1614 1091 1741 1168 ejusdem

980 1190 1016 1257 48
1032 1188 1077 1247 vel
1094 1186 1233 1245 Diintzeri
1251 1186 1284 1254 6,
1298 1204 1333 1241 ex
1351 1181 1497 1258 Stephano
1515 1181 1674 1255 Byzantina
1690 1199 1742 1256 pe-

980 1280 1061 1335 titum
1077 1295 1085 1335 τ
1099 1271 1264 1343 Κοτύλαιον,
1276 1270 1334 1351 ὄρος
1348 1267 1460 1335 Εύύοίας
1475 1266 1642 1343 ἀνακείμενον
1657 1264 1742 1345 ’Apte‘-

978 1365 1049 1440 μιδι,
1067 1362 1102 1428 ὥς
1124 1384 1201 1442 ρηαιν
1223 1358 1379 1437 Ἀντίμαχος
1404 1360 1431 1415 έν
1450 1354 1598 1434 Ἀρτέμιδος
1617 1354 1679 1433 (sic)
1707 1353 1740 1433 β’.

980 1451 1139 1510 librarium
1155 1450 1198 1507 vel
1212 1448 1432 1524 epitomatorem
1442 1445 1568 1501 voluisse
1579 1440 1741 1520 Ἀρχέμαχος

977 1542 1004 1597 ἐν
1021 1538 1156 1598 Edictum
1171 1540 1197 1615 β’
1216 1556 1237 1595 s.
1256 1538 1294 1612 γ’,
1317 1546 1439 1612 apparet
1459 1551 1493 1590 ex
1512 1530 1741 1608 Harpocratione

977 1628 1006 1684 in
1023 1626 1122 1684 eadem
1142 1646 1177 1694 v.,
1195 1645 1222 1701 p.
1243 1624 1306 1693 115,
1321 1630 1347 1689 4.
1365 1621 1445 1680 idem
1457 1622 1620 1678 Diintzerus
1634 1630 1665 1675 nt
1682 1619 1741 1676 fra·

977 1726 1122 1792 gmentum
1134 1714 1170 1770 53
1179 1711 1277 1788 posuit
1285 1730 1322 1767 ex
1328 1706 1739 1768 Herodian0CrameriAnecd.

978 1802 1033 1858 vol.
1051 1802 1106 1872 ΙΙΙ,
1121 1822 1149 1877 μ.
1164 1801 1268 1870 231,s
1284 1796 1430 1866 ιΜύκης...
1446 1795 1608 1873 (significat)
1622 1791 1668 1851 καί
1683 1791 1740 1858 robe

977 1889 1103 1966 ἀμανίτας
1119 1886 1177 1953 τὼς
1194 1886 1255 1967 περὶ
1271 1884 1304 1943 rb
1321 1885 1414 1963 δένδρα
1431 1882 1595 1960 γινομένους,
1615 1884 1650 1948 ὣς
1668 1880 1740 1960 παρὰ

978 1974 1141 2053 Ἀντιμάχῳ·

1096 2059 1173 2137 Φιίγε
1191 2060 1212 2119 δ’
1230 2056 1297 2119 trel
1308 2054 1427 2136 μύκητας
1442 2058 1580 2137 πρινίνους.

978 2154 1050 2210 Sunt
1078 2148 1166 2208 verba
1190 2149 1363 2222 Antiphanis
1384 2146 1462 2221 apud
1474 2146 1645 2205 Athenaeum
1657 2144 1696 2214 lt,
1711 2164 1738 2220 p.

978 2241 1029 2306 60,
1044 2239 1089 2296 D:
1104 2234 1195 2296 'ome
1209 2233 1328 2311 μύκητας
1341 2232 1478 2313 πρινίνους·
1492 2244 1522 2289 et
1536 2232 1579 2288 E:
1596 2232 1631 2288 Et
1691 2228 1741 2311 φοί-

977 2325 1050 2401 γοιμί
1063 2348 1103 2397 τι,
1114 2323 1232 2402 μύκητας
1244 2321 1330 2399 ὠμούς
1339 2319 1369 2377 ἂν
1382 2328 1472 2397 φαγεῖν
1483 2319 1559 2379 δοκῶ.
1576 2320 1635 2377 Nec
1659 2322 1741 2377 Teius

979 2413 1164 2471 Antimachus
1178 2409 1355 2486 Colophonii
1364 2407 1490 2484 reliquiis
1497 2406 1649 2464 immisceri
1658 2406 1740 2465 debe·

976 2499 1028 2557 bat
1041 2500 1169 2577 (collect.
1182 2499 1287 2556 Diinta.
1300 2517 1331 2574 p.
1349 2496 1413 2571 107)
1432 2506 1498 2571 post
1516 2493 1628 2551 monita
1643 2495 1738 2553 Schel-

978 2585 1117 2662 lenbergii
1131 2606 1159 2661 p.
1181 2586 1282 2643 16-18.
1298 2586 1403 2641 Versus
1418 2582 1527 2657 aliquot
1545 2584 1743 2638 Andromacha*

977 2673 1183 2748 Wesselingius
1195 2671 1233 2729 sd
1250 2672 1411 2731 Diodorum
1429 2669 1486 2727 νοΙ.
1499 2689 1531 2741 a,
1547 2688 1575 2745 p,
1594 2688 1668 2744 299,
1687 2668 1740 2741 55,

977 2762 1088 2838 profert
1105 2773 1243 2837 tanquam
1259 2758 1476 2830 Antimacheos,
1490 2757 1593 2814 calami
1606 2756 1691 2833 lapsu
1709 2756 1739 2813 in

978 2849 1104 2906 editione
1117 2847 1304 2906 Dindosfiana
1319 2845 1452 2922 repetito.

1017 2936 1126 2996 Natalis
1143 2935 1245 3013 Comes
1259 2931 1382 3008 Mythol.
1400 2931 1468 3004 Vll,
1487 2940 1519 3004 t,
1533 2951 1562 3008 p.
1580 2950 1637 3004 γοα
1653 2950 1660 2988 :
1676 2935 1741 2989 An-

977 3025 1114 3080 timachus
1126 3030 1154 3078 ln
1167 3021 1424 3080 Centauromachio
1434 3022 1496 3076 illos
1509 3019 1692 3097 (Centauros)
1703 3021 1741 3076 ab

978 3115 1098 3168 Hercule
1114 3115 1214 3185 pulsos
1236 3130 1252 3165 e
1276 3110 1421 3164 Tlsessalin
1441 3109 1472 3163 in
1493 3111 1601 3164 insulas
1613 3111 1741 3166 Sirenum

978 3201 1136 3279 confugisse
1148 3201 1277 3273 relapsis,
1289 3199 1476 3253 abitantibus
1486 3198 1599 3254 illarum
1609 3198 1743 3252 ἀείεειοιί

979 3308 1077 3345 onsnes
1097 3290 1125 3344 in
1148 3300 1278 3362 apertam
1295 3287 1453 3360 perniciem
1465 3284 1591 3355 fuerunt
1606 3287 1742 3341 oroncii.-

979 3379 1084 3434 deinde
1097 3377 1146 3432 ubi
1163 3379 1267 3432 Nessus
1285 3387 1313 3430 et
1326 3375 1379 3428 alii
1397 3374 1534 3431 Centauri
1552 3374 1656 3448 sepulti
1666 3373 1744 3442 fisis·

980 3477 1060 3534 sent,
1076 3483 1116 3520 es
1132 3465 1168 3520 iis
1180 3465 1344 3520 uulneribus
1356 3482 1413 3518 non
1422 3465 1527 3537 procul
1543 3483 1563 3519 α
1582 3462 1743 3533 Calydone,

981 3556 1012 3609 in
1030 3555 1100 3608 colle
1114 3554 1165 3627 qui
1181 3551 1338 3625 Taphossus
1350 3549 1415 3620 fait
1427 3563 1620 3624 noncupatus,
1636 3556 1745 3624 grauis-

980 3643 1068 3698 simus
1081 3642 1153 3697 odor
1162 3641 1312 3695 admontis
1323 3640 1448 3694 rnrls'cem
1460 3635 1696 3710 effundebatur,
1708 3657 1745 3692 oe

100 3799 105 3806 ι
175 3723 284 3786 lleinde
295 3722 401 3782 mutavi
411 3721 765 3798 distinctionem,ejusdem
776 3723 831 3782 viri
842 3745 935 3784 suasu.
981 3731 1047 3785 tabo
1059 3725 1151 3783 simile
1167 3728 1305 3801 ansildem
1318 3723 1513 3790 monnicam
1526 3727 1569 3780 nit
1583 3723 1684 3782 Strabo
1698 3728 1749 3780 IX
1843 3792 1846 3799 .

174 3815 282 3890 Vulgo,
350 3813 451 3890 καθθψε
465 3809 567 3886 μείτηνς
581 3807 679 3870 Ἔντεα
702 3812 743 3870 col
759 3809 808 3890 γὰρ
864 3814 935 3872 Nam
981 3816 1021 3892 [p.
1036 3814 1114 3891 lm]-
1126 3815 1182 3872 Res
1197 3814 1284 3889 petita
1300 3832 1337 3870 ex
1348 3813 1462 3870 Taetzae
1477 3811 1593 3869 scholiis
1606 3812 1636 3868 in
1653 3811 1742 3888 Lyco·

172 3901 250 3980 tpuod
265 3899 333 3957 alibi
348 3911 425 3958 recte
440 3898 586 3958 diceretur
595 3897 632 3956 de
643 3901 766 3976 Venere,
784 3905 935 3956 Τιιαανιιια
981 3901 1086 3978 pheon.
1105 3901 1180 3971 670,
1195 3899 1246 3958 ubi
1267 3898 1432 3958 Antimachi
1455 3898 1606 3975 vestigium
1624 3898 1744 3957 nullum.

172 4003 238 4045 stent
252 3992 387 4058 Amores,
408 3999 502 4058 torus,
522 3986 552 4042 id
573 3984 643 4042 huic
660 3987 859 4063 epigrammati
878 4007 934 4044 non
983 3989 1081 4064 Neque
1101 4005 1199 4064 operae
1221 3987 1344 4063 pretium
1365 3985 1526 4043 existimavi
1547 3985 1675 4042 studiose
1696 3985 1745 4042 in-

172 4087 216 4133 cst
238 4085 354 4152 aptum3
376 4084 463 4151 poeta
481 4072 538 4130 hoc
554 4073 631 4145 vult,
647 4072 717 4129 nihil
735 4091 852 4148 prorsus
875 4093 936 4131 esse
981 4075 1121 4152 vestigare
1133 4074 1252 4132 alterum
1263 4074 1373 4146 locum,
1384 4073 1482 4150 inquo
1494 4072 1654 4134 Antimachi
1667 4091 1747 4129 men·

173 4162 277 4218 Veneri
294 4181 358 4218 cum
377 4159 479 4228 armis;
499 4179 558 4215 non
581 4175 725 4216 armorum
747 4179 837 4234 genus
859 4160 936 4218 aliud
984 4161 1247 4238 tiolit‚secundum
1259 4161 1320 4219 haec
1329 4161 1677 4238 CatalogicAntimncltns
1695 4165 1744 4218 Ar·

173 4251 227 4327 ipsi
240 4260 340 4327 negat,
356 4247 433 4307 aliud
445 4247 587 4306 concedit.
600 4249 633 4304 V.
650 4247 666 4302 3
681 4266 723 4323 sq.
736 4247 815 4304 Plan.
831 4245 860 4306 οιί
871 4271 899 4306 τε
979 4251 1068 4324 giltas
1081 4249 1145 4327 (sic)
1156 4257 1185 4304 in
1200 4251 1410 4326 Argonauticis.
1432 4276 1445 4300 ι

433 4455 679 4515 EPIGRAMMA.

396 4553 420 4590 n
437 4553 549 4590 vermes
565 4553 711 4590 ιιιιιτενιιι.

173 4615 228 4668 Cur
241 4612 347 4666 insueta
359 4611 433 4682 capis
447 4609 545 4666 Martis
560 4609 694 4682 Cytherea
709 4611 833 4667 labores?

212 4691 272 4762 quis
286 4697 388 4746 teneras
402 4687 516 4744 mendax
528 4693 585 4746 tam
597 4689 644 4744 dat
657 4689 750 4762 acerba
763 4690 821 4746 deae

983 4460 1079 4512 arma?
1093 4457 1141 4512 tibi
1156 4458 1464 4528 strepituscrotalornm
1477 4456 1576 4519 mollis,
1589 4471 1719 4526 amorque

1018 4536 1144 4606 pervigil,
1160 4541 1189 4591 et
1205 4536 1301 4608 placidi
1315 4535 1415 4607 gaudia
1432 4535 1517 4590 multa
1528 4535 1594 4590 tori.

982 4614 1120 4686 Sanguine
1130 4619 1274 4671 manantes
1286 4614 1381 4671 hastas
1392 4613 1545 4671 transcribe
1559 4615 1691 4671 Minerva
1704 4612 1733 4665 2*

1019 4691 1027 4746 i
1041 4698 1070 4747 tu
1081 4734 1088 4758 ‚
1100 4708 1155 4764 quo
1166 4707 1276 4749 carmen
1286 4693 1437 4765 coniugiale
1449 4694 1536 4748 vocat.
1668 4693 1748 4748 flos.

302 5225 442 5263 ratonem
454 5225 578 5264 salconeti.
