3850 5925
699 412 914 474 ANTIMAGHI
935 412 1185 474 FRAGMENTA.
1688 434 1723 485 ει

158 561 222 606 tum
239 559 282 605 est
297 547 375 620 illas,
396 564 466 622 quas
490 544 653 605 Antimachi
675 544 763 620 Lydae
785 543 919 621 ascripsi,
964 542 1013 600 sed
1036 558 1149 621 poterat
1167 546 1252 604 etiam
1273 543 1310 603 ab
1331 547 1488 623 exemplari
1508 569 1561 607 suo
1574 550 1634 609 haee
1647 573 1727 611 surn-

159 639 296 706 virtutes,
309 638 367 693 sive
379 636 475 708 malis,
487 636 574 703 vitia,
584 634 613 691 in
628 634 794 693 Callimachi
811 647 840 692 et
851 634 920 693 Phi·
964 632 1062 707 psisse.
1073 634 1184 691 Certior
1198 652 1243 691 res
1256 646 1300 691 est
1312 632 1342 691 in
1354 634 1446 691 altero
1456 634 1531 707 loco,
1545 638 1561 712 §
1573 648 1600 709 4,
1611 642 1662 716 qui
1673 660 1727 716 pro

157 723 225 781 letae
239 724 327 800 elegia
345 723 469 799 passim,
481 741 517 780 ne
534 721 625 779 dicam
641 733 798 797 perpetuo,
816 740 919 778 oecur-
965 718 1122 795 fragmento
1136 720 1296 779 Antimachi
1310 720 1411 779 haberi
1422 721 1506 779 debet
1527 746 1533 779 :
1551 728 1644 795 dhreo,
1661 730 1728 801 filia

156 812 240 868 risse.
255 812 291 869 Et
303 810 449 887 proiecto,
464 829 522 886 prae
540 809 603 867 aliis
619 827 737 885 poeseos
754 807 921 885 generibus,
963 806 1088 881 Staphyli
1097 821 1126 863 ct
1140 808 1291 879 Chryseidis
1305 808 1379 884 (leg.
1394 809 1512 866 videtur
1528 813 1729 885 Chrysothemi·

157 898 251 975 elegia
265 897 321 954 hoc
339 896 428 953 habet
441 909 474 954 ut
490 896 573 953 variis
586 895 701 965 formis,
715 894 771 952 hoe
788 914 850 951 aevo
867 894 921 951 do-
964 894 1030 964 dis),
1045 893 1177 951 comtibus
1186 897 1331 971 Molpodia
1344 892 1442 967 major,
1454 900 1607 956 Parthenia
1617 908 1706 958 minor
1714 925 1727 973 ,·

157 996 222 1057 cta,
241 984 290 1042 illo
309 984 447 1061 simplex,
464 984 508 1041 vel
531 983 632 1041 eodem
650 1002 727 1051 aevo,
747 982 824 1059 apud
845 982 921 1039 bunc
965 999 1029 1053 quoe
1047 980 1083 1036 ab
1095 984 1223 1056 Apolline
1247 1002 1399 1057 compressa
1420 988 1585 1060 ςνανίάαᾳαε
1596 984 1687 1061 sacto,
1710 1011 1728 1047 a

158 1083 275 1149 poetam
296 1069 397 1144 docta,
422 1071 499 1149 apud
524 1071 603 1127 illum
631 1070 751 1147 simplex
773 1069 921 1147 placeat.»
963 1074 1165 1143 pancinanca
1186 1072 1290 1125 inclausa
1307 1082 1359 1139 cst,
1379 1077 1453 1126 etin
1467 1092 1545 1128 mare
1564 1077 1679 1147 dejecta,
1699 1084 1728 1133 in

159 1160 232 1229 Quae
245 1171 390 1236 postrema
404 1157 542 1217 scribenti
555 1158 651 1215 Naelrio
663 1158 845 1234 popularium
857 1176 923 1233 poe-
966 1160 1067 1212 Delum
1082 1160 1198 1232 appulit,
1207 1158 1355 1231 filiumque
1373 1164 1468 1233 genrdt
1479 1166 1587 1216 nomine
1606 1165 1726 1233 Anium,

159 1259 256 1303 tarum
269 1244 449 1304 admirabilia
467 1244 597 1322 exempla
612 1246 672 1302 sine
686 1243 775 1302 dubio
788 1244 922 1302 obversa·
966 1250 1014 1318 qui
1030 1248 1100 1299 clam
1114 1243 1150 1300 ab
1163 1247 1291 1319 Apolline
1308 1246 1390 1300 alitia
1408 1259 1439 1301 ct
1455 1248 1594 1305 divinitate
1612 1252 1730 1307 donatas

158 1331 276 1391 bantur.
291 1336 423 1391 Ceterum
435 1334 464 1390 in
477 1332 533 1390 illis
547 1336 673 1411 ἡρωῑκαῖς
686 1338 830 1411 συμφοραῖς
843 1350 923 1388 enar·
967 1344 1017 1391 est.
1083 1332 1112 1388 C.
1133 1334 1263 1387 Proculus
1274 1337 1301 1387 in
1314 1352 1366 1388 sua
1378 1335 1466 1405 Lyde,
1487 1348 1517 1390 et
1527 1336 1628 1392 Seaecu
1642 1341 1729 1394 Grac-

159 1420 258 1477 randis
275 1420 475 1479 Antimachum
491 1440 547 1478 nou
566 1419 682 1477 brevius
698 1438 782 1495 quam
798 1419 827 1475 in
845 1417 922 1475 The-

159 1506 246 1564 baide
263 1520 427 1584 versatum,
446 1508 495 1565 sed
508 1507 599 1564 otiose
614 1526 667 1583 per
679 1507 790 1584 singula
806 1505 922 1581 mytho-

159 1613 226 1651 rum
246 1593 458 1667 deambulasse,
478 1608 531 1651 nec
553 1613 665 1651 amores
688 1593 776 1651 modo
795 1592 923 1651 infelices
1038 1602 1044 1612 '

160 1678 283 1737 heroum
293 1680 433 1757 pinxisse,
448 1682 604 1758 fragmenta
613 1680 819 1738 demonstrant.
829 1680 923 1750 Quare

161 1766 390 1842 Agatharchides
416 1768 551 1840 Cnidius,
572 1769 676 1825 saeculo
702 1767 852 1825 ferc‘ante
879 1784 924 1823 res

161 1853 355 1926 Christianus,
372 1867 428 1913 tam
448 1856 525 1915 dives
546 1857 680 1931 mythicae
694 1856 833 1914 doctrinae
850 1874 923 1931 opus

159 1940 190 1997 in
205 1942 405 2018 compendium
426 1942 553 2019 pedestri
570 1944 702 2001 oratione
718 1943 857 2020 scriptum
875 1962 922 1998 re-

159 2026 253 2105 degit,
267 2042 338 2087 testc
354 2030 459 2089 Photio
473 2030 543 2088 Bibl.
557 2032 620 2089 cod.
635 2035 701 2099 213,
716 2050 744 2107 p.
762 2050 825 2103 ¹7¹·
839 2032 923 2089 Cete-

159 2134 225 2173 rum
250 2118 484 2177 commendamus
501 2139 565 2194 (puae
581 2118 618 2176 de
637 2117 694 2175 hoc
712 2118 836 2175 carmine
855 2119 924 2176 scite
971 2175 977 2185 ,

160 2201 296 2260 disseruit
316 2205 481 2265 Welckerus
494 2205 529 2262 de
539 2205 626 2281 Cyclo
642 2225 686 2282 ep.
700 2224 729 2281 p.
744 2207 806 2261 108.

201 2291 362 2349 Antimachi
377 2291 476 2367 Lyden
490 2292 566 2349 inter
578 2294 723 2351 Romanos
742 2292 867 2349 imitatus
882 2304 925 2349 est

159 2377 192 2435 C.
219 2378 368 2449 Proculus,
395 2378 472 2455 quod
487 2378 639 2436 didicimus
663 2399 699 2436 ex
723 2379 857 2456 Appuleii
874 2380 924 2455 qui

160 2464 252 2521 fertur
266 2462 341 2521 libro
356 2464 393 2522 de
408 2464 639 2543 orthographia,
655 2468 672 2541 §
686 2468 723 2533 43
738 2486 745 2520 :
759 2470 859 2528 Battus

152 2546 216 2622 ‚herc
285 2553 551 2627 Polymnestifilius,
579 2559 626 2627 qui
646 2554 769 2625 Cyrenen
785 2555 922 2621 condidit,

158 2636 234 2692 unde
256 2635 423 2709 Cyrenenses
429 2653 524 2713 yroetoe
536 2642 664 2696 dicuntur
681 2641 824 2695 Battiadoe
836 2644 924 2696 Hero-

158 2727 204 2780 dio
224 2740 253 2781 et
271 2728 384 2783 Proculo
405 2740 434 2783 et
446 2730 540 2785 Prnclo
554 2731 671 2785 Pindari
689 2728 813 2803 (Pythic.
828 2730 862 2798 V,
876 2728 924 2797 36)

158 2814 362 2871 enarratoribus
373 2814 410 2841 ⁴*
425 2816 606 2873 Callimachus
618 2815 632 2841 *
642 2815 656 2841 *
669 2816 767 2873 Strabo
778 2821 860 2884 itcm;
877 2816 925 2871 scd

158 2913 190 2957 et
204 2900 234 2957 C.
247 2903 376 2959 Proculus
395 2904 589 2959 Antimachum
600 2917 706 2962 secutus
719 2909 747 2959 in
761 2922 840 2978 opere
853 2920 924 2977 quoa

158 2989 196 3043 de
214 2990 293 3061 Lyde
306 3003 334 3046 et
347 2995 404 3064 ipse
415 2990 498 3046 habet
509 3005 616 3048 centum
626 3005 655 3047 et
666 2993 850 3068 quadraginta
865 2994 923 3046 ele-

156 3095 252 3151 gnrum
268 3075 361 3146 libris,-
384 3079 457 3134 unde
478 3081 573 3134 alatus
587 3080 790 3136 Antimachus»
814 3080 843 3134 C.
856 3081 923 3134 Me-

159 3167 222 3219 h'sso
245 3167 273 3218 in
300 3163 509 3220 libr-islocorum
535 3167 635 3220 dicitur
657 3165 736 3220 sie**
759 3165 925 3224 Rectissime

159 3251 293 3307 Osannus
303 3251 497 3306 Antimachum
518 3249 563 3308 bis
578 3249 725 3311 substituit
740 3251 921 3320 Callimacho,

159 3337 212 3412 qui
226 3336 330 3412 legitur
344 3337 374 3394 in
396 3337 504 3396 codice.
521 3337 598 3396 ldem
617 3339 729 3415 egregie
742 3337 924 3408 observarit,

159 3423 266 3483 Catulli
293 3426 426 3482 tumidum
449 3427 663 3496 Antimachum,
697 3425 733 3484 de
752 3445 811 3502 quo
838 3445 924 3503 supra

159 3511 336 3570 mentionem
349 3510 483 3586 fecimus,
493 3532 551 3570 non
566 3512 602 3572 de
617 3513 681 3590 ipso
693 3513 863 3572 Antimacho
876 3514 922 3572 in-

160 3598 250 3674 telligi
278 3598 397 3671 debere,
424 3599 532 3660 cedde
556 3601 699 3659 imitatore
717 3600 778 3677 ejus
791 3602 922 3662 Proculo.

160 3685 279 3742 lllinime
296 3682 391 3742 obstat
405 3688 521 3746 Osanna
533 3687 705 3747 Ouidianum
717 3687 789 3746 illud
806 3689 872 3768 (Ep.
889 3709 924 3746 ex

160 3771 256 3832 Ponto
268 3771 317 3844 IV,
338 3773 384 3844 16,
400 3770 457 3850 32),

220 3879 385 3939 Callimachi
405 3882 547 3941 Proculus
563 3883 649 3942 molle
662 3895 771 3942 teneret
781 3885 844 3942 iter.
902 3901 905 3909 ’

159 3987 204 4044 De
220 4005 341 4044 numero
358 3985 500 4045 librorum
520 3987 612 4063 Lydes
637 3987 732 4046 latinae
749 3989 858 4047 incerta
878 4008 923 4047 res

160 4085 204 4130 est
218 4093 225 4127 ι
239 4092 297 4130 non
317 4072 420 4132 desunt
434 4073 464 4132 in
485 4074 584 4133 codlce
597 4075 672 4132 illius
685 4077 815 4151 opusculi
829 4077 923 4134 mani—

161 4158 233 4216 festa
258 4160 417 4236 glossarum
444 4173 474 4219 et
500 4163 756 4240 transpositionum
781 4165 923 4240 exemplem

159 4263 250 4321 quare
267 4261 420 4304 accentum
433 4261 463 4304 ct
475 4252 657 4326 quadraginta
668 4249 734 4307 libri
749 4251 922 4327 ineptiarum

159 4333 206 4392 vel
220 4334 357 4393 Jomrrum
370 4335 475 4393 Melissi
486 4335 613 4396 fraudem
624 4337 690 4394 huic
701 4338 764 4395 loco
775 4339 923 4398 intulerint

159 4420 319 4478 verendum
339 4433 390 4479 est.
410 4423 518 4480 'l'otum
534 4437 709 4500 segmentum
731 4425 829 4502 posui,
843 4427 922 4503 quod

160 4507 277 4564 doceret
297 4521 413 4585 poetam
437 4511 570 4568 Graecurn
592 4511 668 4569 Batti
689 4531 805 4588 quoque
827 4533 871 4571 res
892 4515 922 4571 in

160 4594 240 4669 Lyde
257 4595 395 4672 tetigisse,
409 4597 465 4654 nisi
488 4596 578 4656 verba
601 4601 794 4657 Antimachum
818 4607 923 4658 scrutur

159 4681 196 4738 ad
208 4682 299 4758 ipsam
322 4682 507 4760 scriptionem
530 4683 708 4760 probabilius
730 4687 920 4746 referrentur:

190 4943 273 4992 Dotiae
275 4979 319 4992 .....
335 4947 366 4994 Et
381 4871 615 4996 Αεῑίεαεοίιιίνὸιίονο
625 4948 731 4997 secundo
745 4949 842 5011 Lydes:

266 5013 412 5086 Fugientes
427 5032 457 5072 ex
471 5020 546 5072 terra
558 5015 686 5072 Dotiade.

191 5183 311 5241 Oratores
320 5182 433 5234 wericus
443 5182 469 5234 in
477 5109 656 5235 coniririntariis
672 5173 702 5234 de
715 5183 807 5247 legibus
824 5184 920 5234 solonis

967 1419 1069 1475 chusia
1081 1418 1154 1476 libris
1163 1424 1295 1475 Amorum
1311 1420 1449 1476 historiam
1470 1424 1667 1497 elegantissime
1676 1438 1729 1481 exss

967 1518 1109 1562 ornarunt.

1265 1584 1344 1645 XLV
1365 1585 1432 1663 (34).

1008 1671 1170 1747 Stephanus
1183 1672 1250 1746 Byz.
1264 1691 1290 1729 v.
1306 1670 1420 1746 Δώτιον,
1433 1694 1462 1751 p.
1481 1684 1544 1743 ει4,
1562 1694 1598 1746 27
1611 1698 1617 1732 :
1682 1675 1727 1733 καὶ

969 1757 1083 1835 donaria,
1097 1761 1132 1825 ὡς
1147 1756 1227 1825 'liade
1246 1763 1292 1817 soii
1308 1758 1408 1826 Ἰλιεύς.
1467 1761 1521 1821 Καὶ
1535 1760 1688 1839 Ἀντίμαχος
1701 1764 1729 1821 ἐν

970 1842 996 1923 β’
1006 1842 1108 1916 Λύδης·

1088 1965 1239 2045 Φεύγοντος
1252 1965 1328 2045 γαίης
1342 1964 1427 2025 ἔκτοθι
1441 1966 1580 2032 Δωτιοίδος.

969 2084 1070 2164 denda
1084 2094 1163 2165 γαῖα,
1177 2086 1214 2144 ab
1234 2088 1296 2145 aliis
1312 2087 1373 2145 sere
1389 2085 1489 2145 Δείνειον
1504 2086 1592 2146 πεδίον
1606 2089 1731 2163 dictum,

969 2194 998 2231 rn
1011 2174 1104 2231 media
1123 2193 1217 2251 prope
1235 2175 1383 2232 Thessalia
1403 2176 1488 2232 situm
1507 2187 1584 2247 erat,
1603 2178 1731 2235 Perrhae-

969 2259 1033 2332 bia,
1048 2261 1119 2318 Ossa
1131 2272 1161 2317 et
1170 2259 1328 2319 Boebeitide
1342 2262 1448 2339 palude
1458 2264 1646 2340 propinquis,
1661 2276 1731 2322 teste

969 2346 1110 2405 Strabone
1124 2347 1161 2406 lX
1169 2392 1177 2419 ,
1187 2368 1216 2425 p.
1231 2356 1287 2416 44²
1304 2347 1393 2427 (674).
1405 2348 1499 2407 Verba
1513 2350 1575 2425 ipsa
1590 2350 1625 2407 ad
1640 2351 1732 2409 Thes·

969 2433 1044 2491 salos
1071 2454 1135 2492 cum
1153 2436 1278 2512 Triope,
1292 2435 1366 2494 ilelii
1381 2436 1455 2506 filia,
1477 2437 1508 2494 in
1522 2436 1644 2496 Cnidum
1660 2438 1732 2495 emi-

969 2533 1083 2595 grantes
1103 2520 1235 2599 (lliodor.
1258 2523 1291 2595 V,
1318 2523 1364 2594 61,
1389 2523 1502 2581 Boeclsb.
1540 2522 1577 2580 ad
1613 2525 1731 2585 Pindari

969 2605 1057 2663 schol.
1072 2626 1101 2683 p.
1125 2608 1182 2676 314
1197 2606 1251 2686 sq.)
1266 2609 1427 2666 retulerunt
1442 2608 1614 2685 Schellenb.,
1627 2610 1733 2671 Webe-

969 2712 1017 2749 rus
1027 2694 1118 2771 (Eleg.
1128 2696 1219 2777 Gracc.
1234 2714 1263 2773 p.
1277 2696 1334 2752 653
1345 2695 1399 2773 sq.)
1412 2709 1441 2753 et
1456 2696 1512 2755 alii.

1256 2800 1350 2861 XLVI
1371 2799 1440 2879 (36).

1008 2895 1131 2955 Photius
1147 2897 1215 2955 Lex.
1229 2917 1258 2975 p.
1277 2898 1344 2968 344,
1362 2916 1388 2954 ν.
1410 2895 1554 2977 ’opacam
1576 2915 1584 2955 ε
1603 2895 1731 2967 Σέλευκος

970 2985 998 3042 δὲ
1012 2985 1038 3042 ir
1052 2987 1090 3064 τῷ
1104 2984 1273 3062 ὑπομνήματι
1290 2987 1341 3043 τῶν
1354 2981 1474 3051 Σίλωνος
1490 2983 1587 3052 ἀξόνων
1603 2987 1731 3065 ὀργεῶνείς

970 3093 1034 3153 φησι
1057 3072 1193 3130 καλεῖσθαι
1214 3070 1273 3138 τοὺς
1300 3069 1420 3137 συνόδους
1446 3069 1554 3150 ἔχοντες
1578 3071 1639 3153 περί
1660 3096 1731 3140 τινας

969 3158 1056 3238 ἥρωας
1073 3157 1189 3229 hirede·
1207 3158 1258 3230 ἤδη
1276 3156 1304 3216 δὲ
1322 3157 1509 3238 μεταφέροντες
1524 3158 1570 3217 aad
1584 3158 1642 3225 robe
1655 3161 1731 3240 ἱερεῖς

970 3245 1038 3306 οὕτω
1050 3247 1190 3305 καλοῦσιν·
1202 3249 1217 3304 d
1228 3251 1291 3325 γοῦν
1302 3244 1457 3325 Ἀντίμαχος
1472 3247 1498 3304 lv
1510 3250 1544 3325 τῇ
1556 3244 1631 3326 Atta
1641 3246 1682 3323 γ’·

1009 3366 1095 3427 Ἔνθα
1107 3365 1261 3449 Καὸάρνοος
1273 3371 1351 3439 θῆκεν
1364 3366 1496 3444 ἀγακλίας
1508 3369 1655 3447 ὀργεαῗννας.

970 3550 1069 3610 codex
1087 3550 1187 3621 Δυδῆι·
1208 3551 1301 3608 Γενεαῑ
1322 3547 1468 3631 καθάρνους
1481 3552 1504 3607 θ.
1528 3475 1657 3628 diarrhiae
1683 3553 1730 3630 dp-

969 3635 1072 3715 γίωνας.
1086 3637 1119 3696 ln
1130 3637 1226 3696 verbis
1238 3639 1277 3695 ita
1291 3650 1324 3694 ut
1336 3638 1500 3714 scripsimus
1511 3638 1652 3714 ponendis
1661 3656 1731 3695 con-

969 3725 1095 3782 sentiunt
1114 3724 1337 3783 Friedemanuus
1355 3725 1396 3782 De
1416 3723 1509 3780 media
1526 3723 1587 3799 syll.
1604 3735 1682 3803 pent.
1701 3744 1729 3802 p.

970 3811 1037 3883 344,
1054 3810 1206 3868 Boeclrhius
1224 3812 1254 3867 in
1272 3810 1358 3887 Corp.
1378 3811 1479 3867 inscrr.
1497 3809 1553 3866 vol.
1570 3829 1596 3881 a,
1609 3829 1637 3886 p.
1661 3813 1729 3882 347,

969 3898 995 3957 J.
1008 3901 1043 3956 ll.
1061 3898 1178 3955 Vossius
1193 3895 1229 3954 ad
1249 3897 1351 3971 llymn.
1366 3896 1395 3952 in
1413 3896 1476 3954 Cer.
1494 3915 1523 3971 p.
1540 3895 1601 3952 150.
1622 3896 1729 3956 Simili-

969 3997 1013 4041 ter
1027 3995 1180 4059 corruptus
1192 3983 1272 4041 locus
1286 3994 1329 4040 est
1342 4001 1388 4058 ap.
1402 3981 1518 4040 Suidam
1537 4001 1562 4039 v.
1576 3981 1728 4063 ’Opprime

971 4073 1043 4130 Eum
1053 4071 1169 4148 respicit
1180 4071 1319 4148 llarpocr.
1333 4069 1363 4126 in
1380 4067 1536 4148 Ὀρνεῶνας.
1551 4071 1728 4145 Hesychius:

969 4156 1122 4238 Κοίὸαρνοι,
1135 4159 1160 4217 οἱ
1176 4160 1223 4228 τῆς
1243 4155 1384 4236 Δήμητρος
1396 4158 1487 4235 ἱερεῖς,
1502 4158 1538 4220 ὡς
1555 4154 1660 4236 Πάριοι.
1675 4159 1729 4216 Pa-

968 4267 1016 4304 ros
1035 4247 1128 4305 insula
1149 4248 1211 4324 ipsa
1228 4247 1298 4304 olim
1320 4243 1454 4325 Κάόαμνις
1475 4244 1567 4314 dicta,
1582 4257 1653 4302 teste
1667 4247 1729 4304 Ste-

969 4335 1064 4411 phano
1077 4354 1106 4412 p.
1127 4335 1194 4409 aab,
1210 4334 1257 4406 38,
1273 4331 1326 4392 ἀπὸ
1346 4330 1487 4412 Καόάρνοο
1503 4336 1550 4390 τοῦ
1569 4329 1729 4408 μηνύσαντος

966 4419 1014 4492 τὴν
1037 4420 1158 4503 ἁρπαγὴν
1188 4426 1222 4499 τῇ
1249 4421 1372 4500 Δήμητρι
1406 4423 1453 4490 τῆς
1488 4419 1621 4498 θυγατρός.
1645 4420 1727 4478 Cous.

967 4508 1107 4566 Welclrer.
1122 4509 1232 4586 'l'rilog
1255 4507 1345 4566 asch.
1369 4526 1398 4584 p.
1414 4527 1479 4564 aar.
1499 4511 1627 4584 Apparet
1641 4509 1729 4584 igitur

967 4615 1003 4652 ex
1033 4595 1090 4653 hoc
1118 4615 1217 4664 remu,
1232 4610 1347 4674 raptum
1375 4595 1556 4670 Proserpinae
1582 4607 1726 4653 narratum

967 4682 1052 4740 fuisse
1066 4683 1096 4740 in
1110 4681 1200 4759 Lyde.

965 4865 1047 4918 socan
1058 4866 1117 4917 dicit
1127 4879 1170 4916 eos
1178 4866 1362 4928 animarentur
1371 4865 1462 4916 habent
1471 4863 1596 4914 adhsroes
1603 4829 1722 4927 quosdim

966 4936 1004 4985 rel
1022 4936 1097 4986 deos:
1114 4948 1180 4984 nunc
1198 4939 1282 4985 autem
1298 4933 1414 4985 transsate
1433 4934 1613 4985 marcomiri
1628 4939 1724 4984 vocant.

965 5006 1125 5055 Antimachus
1139 5005 1164 5054 in
1177 5005 1250 5054 tertio
1261 5005 1323 5054 libro
1336 5005 1434 5065 Lydes:

966 5090 1004 5145 lbi
1017 5091 1118 5156 (Ceres)
1126 5089 1264 5146 (labamus
1276 5089 1367 5160 posuit
1377 5088 1449 5155 (sibi)
1460 5087 1548 5143 claros
1560 5085 1724 5142 sacerdotes.

997 5183 1100 5236 esberni
1108 5183 1172 5247 apud
1181 5186 1265 5233 Parios
1278 5189 1396 5233 vocantur
1409 5182 1545 5234 sacerdotes
1555 5181 1658 5232 cereris.
