3850 5925
224 430 258 481 tu
764 412 981 483 ¹All'l'lblAClll
1001 413 1245 475 FRAGMENTA.

224 548 260 605 dc
271 550 339 609 Coeli
357 543 527 627 genitalibus
542 565 559 603 a
575 546 671 605 Crono
689 542 747 601 lilio
768 544 898 600 exsectis.
919 548 951 601 V.
969 562 982 600 1
1029 544 1192 623 παραμύθιον
1213 548 1260 616 ιη”ς
1279 544 1364 615 λύπης
1383 546 1455 626 αύτῷ
1473 546 1582 616 lanium
1604 546 1653 607 τλν
1670 547 1792 625 ἐλέγιιαν
1918 507 1920 536 r

225 649 301 695 recte
318 632 563 708 Schellcnbergius
582 630 672 709 λέχρις
692 631 791 708 (quod
812 630 912 689 melius
930 629 986 687 hoc
1028 630 1076 702 την
1087 630 1251 711 καλουμνην
1264 634 1375 702 Areas,
1389 630 1627 712 ἔξαριθμησίμιυος
1641 634 1690 701 τὰς
1703 640 1792 717 ἣρως.

224 721 287 780 loco
299 741 384 800 quam
397 719 510 799 λόχρια),
522 719 571 777 i.e.
585 720 703 792 oblique,
718 717 749 774 lx
759 715 882 795 πλαγίου,
896 727 929 773 ut
938 735 986 772 ex·
1029 714 1076 783 sd<
1095 718 1244 799 συμφορύς,
1265 728 1319 785 τοῖς
1336 717 1481 797 ἀλλοτρίοις
1503 729 1593 786 κακοῖς
1615 721 1719 781 ἐλάττω
1739 722 1792 793 τὴν

225 809 307 883 ponit
326 806 415 865 schol.
431 805 523 882 Apoll.
540 802 594 863 Rh.
612 803 665 875 lll,
688 804 755 861 228.
773 803 865 863 Codd.
886 803 985 881 λέχρις.
1029 807 1122 864 ἑαυτοῦ
1141 808 1223 864 ποιῶν
1240 802 1334 877 λύπην.
1355 805 1449 884 (Corsi.
1471 807 1557 864 etiam
1578 809 1683 868 Athen.
1705 810 1792 881 Xlll,

227 896 268 950 lle
285 894 382 953 Urano
396 890 529 950 Acmouis
544 889 603 946 lilio
618 889 694 947 conl.
709 890 839 949 Eustath.
854 908 884 965 p.
901 889 985 957 1154,
1031 910 1058 966 p.
1075 894 1144 967 597,
1162 894 1205 967 A).
1227 894 1288 951 lloc
1299 912 1415 950 carmen
1432 913 1559 952 amorem
1580 896 1744 953 Antimachi
1761 911 1793 953 et
1918 861 1919 926 l

226 982 272 1053 23,
288 981 432 1039 Alcmanis
449 980 618 1037 auctoritate
637 990 773 1036 utentem.
790 977 917 1037 Verbum
934 980 984 1035 ἄν·
1030 977 1124 1053 Lydes
1142 980 1311 1037 saeculornm
1335 981 1481 1039 memoriae
1503 982 1716 1039 commendavit
1735 1004 1743 1038 τ
1762 1002 1791 1038 v.

223 1065 356 1125 τιτότυκτο
370 1068 393 1123 si
406 1066 524 1143 proprie
535 1065 732 1143 accipiendum
751 1078 803 1138 cst,
820 1066 922 1123 Contra
940 1066 985 1121 vel
1029 1064 1111 1123 Ovid.
1126 1066 1213 1127 'trist
1224 1066 1253 1138 l,
1263 1067 1292 1136 6,
1307 1085 1337 1133 ις
1353 1066 1541 1142 Posidippum
1553 1067 1584 1123 ia
1599 1066 1716 1125 Anthol.
1726 1067 1790 1127 Pal.

224 1177 262 1213 ee
271 1159 390 1213 adverso
400 1168 523 1213 structas
537 1156 616 1229 fait,
631 1154 782 1214 ostendere
806 1154 919 1213 videtur
935 1153 986 1211 de—

224 1242 311 1301 scribi
326 1242 362 1301 ab
374 1243 544 1302 Antimacho
562 1244 656 1300 locum
671 1243 772 1301 statuis
786 1253 927 1301 ornatum.

263 1423 473 1501 ScriptorVitae
486 1424 583 1495 Arati,
598 1425 627 1481 in
644 1420 764 1501 ἐξηγήσιι
781 1423 817 1481 ad
832 1443 859 1480 ν.
875 1424 909 1480 15
932 1442 985 1499 sq,

225 1510 324 1588 Χαῖρε,
338 1508 433 1587 πάτερ,
490 1506 565 1574 αὐτὸς
578 1508 623 1567 καλ
641 1508 755 1589 προτέρη
767 1507 860 1587 γενεή,
880 1528 908 1586 p.
927 1518 982 1577 dis

225 1597 309 1655 lluhl.
322 1594 416 1656 ιἮτοι
425 1598 449 1654 ol
458 1598 575 1661 Τιτᾶνες.
589 1592 666 1661 Ἴσως
678 1596 723 1654 καὶ
735 1593 808 1675 erepit
820 1593 984 1675 Ἀντιμάχῳ·

261 1692 390 1774 Γηγενόας
398 1714 427 1749 τι
439 1687 516 1756 θεοὺς·
524 1686 727 1768 προτερηγενέας
740 1684 865 1753 Τιτῆνας·

223 1801 356 1865 Correxit
367 1795 611 1861 Sclrncidewinus.
628 1792 721 1868 Vulgo
731 1810 808 1868 προτ.
819 1807 848 1844 τε
857 1786 983 1854 Τιτῆνας-

263 1971 446 2030 Choerobosc.
467 1972 496 2030 in
512 1973 633 2032 helkeri
654 1972 760 2031 Anecd.
778 1991 806 2049 p.
827 1973 900 2048 1393
919 1996 926 2029 ι
944 1971 985 2034 Tb

224 2055 319 2116 Λάδων
334 2058 401 2135 (ἔστι
415 2056 443 2116 δὲ
463 2056 546 2135 ὄνομα
559 2060 689 2137 ποταμοῦ)
706 2057 756 2116 ὑπὸ
771 2056 927 2138 Ἀντιμάχου
942 2058 985 2119 διὰ

225 2149 269 2201 τοῦ
277 2168 299 2201 ω
307 2144 423 2202 κέκλιται
431 2144 571 2223 ἀναλόγως,
582 2138 635 2204 οἷον
646 2143 808 2209 «Addume»
815 2146 897 2206 Conl.
907 2148 986 2209 Pau·
1028 2199 1038 2221 ,

224 2250 282 2289 san.
297 2232 376 2303 Vlll,
396 2230 444 2301 τῦ,
460 2240 486 2297 t.

263 2326 369 2384 Praeter
383 2324 444 2383 hac
460 2325 491 2383 in
507 2324 654 2385 Thebaide
670 2328 764 2385 locum
778 2324 884 2386 habere
899 2342 985 2406 pote·

223 2422 288 2469 rant
304 2413 463 2489 fragmenta
484 2412 593 2471 incerta
610 2414 657 2486 66,
679 2414 726 2489 69,
744 2434 791 2487 71,
814 2416 861 2489 73,
874 2420 921 2489 8ο,
935 2416 984 2490 ss,

222 2517 270 2575 90,
290 2520 355 2569 ιιι,
369 2498 446 2577 quod
459 2498 490 2557 in
501 2499 570 2577 ipsis
585 2498 706 2559 ostendi.

549 2698 658 2757 ΛΥΔΗ.

262 2792 447 2853 Antimachus
474 2794 569 2871 Lydes
595 2812 694 2852 amore
721 2808 871 2873 correptus
893 2799 983 2857 Colo·

222 2876 318 2953 phone
328 2880 427 2938 relicta
440 2880 469 2938 ia
483 2882 619 2957 Lydiam,
631 2880 750 2939 fortasse
762 2882 901 2941 Sardibus
912 2884 982 2963 ipsis

222 2964 380 3024 habitatum
412 2967 492 3026 abiit.
515 2969 585 3027 lnde
614 2981 680 3045 post
710 2982 830 3028 mortem
855 2969 931 3030 illius
950 2973 981 3030 in

221 3052 340 3128 patriam
355 3053 440 3110 rediit
454 3067 482 3113 et
495 3055 626 3114 dolorem
640 3055 794 3131 elegiarum
818 3056 898 3115 libris
913 3058 983 3116 scri-

220 3138 322 3198 bendis
346 3139 503 3200 solabatur.
529 3143 633 3202 Narrat
645 3140 701 3199 hoc
724 3143 929 3202 llermesianna
952 3147 982 3204 in

221 3224 405 3284 celeberrima
414 3228 521 3305 Elegia,
535 3249 560 3287 ν.
579 3239 612 3298 tr
624 3247 685 3305 sqq.
696 3249 703 3284 ι

260 3337 348 3410 Λύδης
361 3339 383 3396 δ’
397 3339 550 3420 Ἀντίμαχος
563 3335 692 3412 Δοσηύδος
704 3343 733 3399 ἐκ
749 3339 796 3418 plu
808 3340 900 3422 ἔρωτος

298 3444 407 3522 πληγεὶς
417 3447 563 3506 Πακτωλοῦ
578 3445 650 3526 ῥεῦμ’
664 3445 746 3517 ἐπόόη
760 3451 889 3523 ποταμοῦ.

260 3545 408 3627 Σαρδιανὴν
423 3546 451 3605 δὲ
465 3551 592 3607 θανοῦσαν
605 3547 656 3607 ὑπὸ
667 3547 746 3630 ξηρὴν
761 3547 818 3607 diro
830 3558 920 3628 γαῖαν,

300 3648 423 3727 Τμύλιον
438 3649 526 3718 elisos
540 3653 563 3710 δ’
576 3643 652 3724 illics
666 3649 853 3734 ἀποπρολιπὼν

258 3753 340 3836 ἄκρην
354 3755 378 3822 ἒς
393 3757 555 3836 Κολοφῶνα,
567 3755 637 3834 γόων
653 3755 675 3814 δ’
688 3755 849 3828 ἐνεπλήσατο
863 3755 969 3838 βίῦλους

296 3856 367 3940 ἱρός,
381 3861 411 3919 ἐκ
424 3859 519 3926 παντὸς
531 3859 698 3938 παυσάμενος
714 3859 844 3938 καμάτου.

219 3977 255 4036 Et
272 3975 444 4035 Plutarchus
464 3977 667 4038 Consolatione
690 3978 725 4036 sd
748 3978 930 4056 Apollonium
947 3999 976 4056 p.

221 4065 285 4136 106,
306 4063 328 4120 B
348 4083 354 4116 :
374 4062 528 4142 Ἀντίμαχος
549 4068 563 4122 6
581 4063 706 4137 ποιητὴς,
726 4063 904 4136 ἀποθανούσης
928 4068 976 4136 τῆς

216 4147 336 4226 γυναικὸς
353 4152 432 4209 αὐτοῦ
451 4150 554 4223 Λύδης,
574 4150 637 4231 πρὸς
657 4151 689 4223 ἣν
710 4149 883 4233 φιλοστόργως
903 4141 973 4230 ιῖχι,

249 4423 324 4476 Deos
338 4438 368 4478 er
383 4426 456 4478 terra
477 4359 666 4497 naroslpiiius
688 4426 796 4497 genitos
810 4425 932 4483 Titanas.

244 4583 349 4634 Lsdonis
363 4516 617 4652 (Arcodtoestuotx

506 4686 684 4712 -..--

533 4764 646 4823 LYDE.

243 4858 329 4922 Lydes,
335 4861 404 4922 Lyaei
411 4861 475 4922 fllia,
482 4877 564 4913 amore
574 4865 867 4927 percussusAntimaclms
881 4863 912 4914 ad
929 4867 971 4916 Pa·

210 4928 970 4994 ctoliiluentatendit.Ubiqnumdeiunctamsubsardisnaarida

211 5001 273 5046 terra
281 4997 465 5058 composuisset,
475 4999 553 5049 Tmoli
563 5015 618 5050 arce
625 5001 714 5061 relicta,
725 5003 889 5065 protectusest
899 5001 925 5049 ia
933 5003 965 5051 ai·

1029 1151 1097 1223 Xll,
1117 1153 1182 1223 168,
1207 1152 1392 1230 Asclepiaden
1406 1153 1477 1213 ibid.
1494 1153 1618 1226 1x‚63;
1632 1154 1683 1211 sed
1701 1154 1791 1230 hujus

1029 1237 1092 1313 ipsa
1108 1237 1196 1296 rerba
1210 1236 1361 1297 reserenda
1373 1253 1459 1297 sunt:

1028 1347 1102 1420 Λύδη
1116 1346 1161 1407 καλ
1171 1346 1245 1428 γένος
1257 1349 1313 1427 εἰμὶ
1328 1349 1373 1409 καὶ
1386 1349 1501 1428 οῦνομα,
1516 1352 1567 1409 τῶν
1582 1350 1604 1409 δ’
1617 1350 1670 1410 ἀπὸ
1684 1350 1790 1434 Κόδρου

1068 1451 1210 1533 σεμνοτέρη
1220 1456 1312 1511 πασῶν
1323 1453 1378 1531 εἰμὶ
1390 1455 1423 1511 δι’
1435 1453 1599 1533 Ἀντίμαχον.

1029 1555 1079 1623 'l'le
1091 1554 1143 1637 γὰρ
1155 1554 1198 1635 tp‘
1211 1559 1259 1617 οῦκ
1270 1556 1358 1632 istos,
1371 1556 1410 1625 τίς
1422 1559 1470 1617 οῦκ
1483 1558 1621 1626 ιἰνιλέξατο
1634 1556 1726 1631 Λύδην

1066 1659 1098 1719 τύ
1110 1660 1182 1729 ξυνὸν
1196 1664 1310 1722 Μουσῶν
1321 1668 1434 1743 γράμμα
1447 1663 1493 1722 καὶ
1507 1662 1681 1743 Ἀντιμάχους

1029 1766 1094 1823 Non
1104 1765 1147 1822 eil
1146 1764 1204 1840 ugit
1215 1776 1311 1823 tamen
1320 1766 1378 1823 hoc
1396 1784 1509 1823 carmen
1521 1766 1735 1842 quantumlibet
1743 1787 1790 1824 ce-

1028 1850 1170 1910 lebratum
1190 1864 1288 1910 notam
1307 1852 1491 1911 acrimoniam
1505 1852 1686 1924 Callimachi,
1706 1874 1789 1910 ems-

1026 1958 1089 1994 snnr
1096 1954 1126 1995 et
1133 1942 1246 1995 minime
1252 1952 1364 1996 acutum
1375 1940 1420 1997 vel
1428 1944 1543 2016 elegans
1550 1940 1683 1999 dicentis.
1691 1942 1787 1999 schot.

1028 2028 1158 2103 Dionysii
1180 2029 1289 2105 Perieg.
1307 2028 1370 2086 init.
1378 2048 1407 2105 p.
1422 2028 1531 2099 317‚ss
1551 2029 1674 2086 Remis:
1687 2026 1788 2087 'onst

1028 2112 1199 2185 διαὸόύληται
1211 2112 1241 2173 τό
1258 2114 1345 2193 παχύ,
1363 2116 1481 2195 σαρῶςὸ
1498 2113 1672 2193 Καλλίμαχος
1687 2116 1716 2173 ἒν
1735 2124 1789 2181 τοῖς

1038 2200 1233 2281 Ἐπιγράμμασι
1261 2201 1350 2272 δηλοῖ·
1371 2198 1500 2281 διασύρων
1518 2198 1568 2281 γὰρ
1586 2200 1787 2281 Ἀντιμάχουτὸ

1027 2286 1131 2365 ποίημα
1143 2285 1191 2357 τὴν
1204 2284 1308 2360 Λύδην,
1321 2284 1370 2368 ἔφη
1385 2288 1429 2363 (ir.
1445 2288 1529 2363 im·

1125 2390 1199 2463 Λύδη
1213 2390 1257 2450 καλ
1267 2391 1340 2471 ταχῦ
1353 2390 1465 2472 γράμμα
1477 2390 1522 2450 καλ
1534 2394 1564 2450 αὖ
1577 2390 1662 2473 τορόν.

1030 2496 1140 2553 Desunt
1160 2496 1271 2572 reliqua
1294 2496 1522 2577 epigrammatis,
1544 2496 1574 2553 in
1593 2496 1699 2573 quibus
1716 2496 1785 2557 Pn-

1027 2583 1101 2640 tonis
1115 2582 1152 2640 de
1170 2582 1340 2641 Antimacho
1354 2582 1496 2659 judicium
1510 2584 1699 2642 Callimachus
1718 2605 1784 2661 per-

1027 2670 1174 2728 strinxisse
1191 2670 1319 2738 videtur;
1338 2669 1526 2747 probabiliter
1544 2672 1600 2729 hoc
1619 2673 1736 2750 colligas
1748 2693 1782 2731 ex

1026 2757 1122 2817 Procli
1135 2754 1230 2815 serbis
1244 2776 1332 2834 supra
1341 2778 1369 2835 p.
1382 2776 1419 2833 πρ
1437 2758 1498 2815 inir.
1511 2759 1659 2834 appositis

1065 2844 1177 2902 Naekins
1195 2843 1231 2901 de
1249 2844 1375 2902 Choerilo
1389 2864 1417 2921 p.
1429 2845 1464 2914 73
1476 2866 1483 2901 :
1495 2844 1601 2914 *Quod
1615 2843 1651 2901 ad
1666 2845 1781 2921 elegiam

1025 2931 1144 3003 attinet,
1164 2951 1222 2990 non
1244 2930 1346 2990 dubito
1366 2931 1453 3009 quin,
1475 2931 1635 3008 quamnim
1659 2930 1780 2991 Thebais

1026 3018 1188 3078 Antimachi
1201 3019 1232 3076 in
1245 3019 1357 3094 epicam
1370 3019 1486 3096 poesin,
1500 3017 1619 3076 eandem
1636 3018 1697 3076 fere
1707 3019 1782 3096 Lyde

1024 3107 1054 3164 in
1070 3107 1189 3184 elegiam
1202 3107 1370 3164 exseruerit.
1387 3106 1438 3165 llle
1451 3106 1560 3184 primus
1571 3107 1718 3184 antiquam
1730 3109 1780 3164 ele·

1024 3193 1078 3270 giae
1091 3193 1317 3270 simplicitatem,
1333 3213 1351 3250 a
1364 3193 1489 3266 Callian,
1505 3193 1691 3266 Mimnerm0‚
1707 3196 1779 3270 Tyr·

1025 3291 1080 3336 taso
1091 3280 1300 3356 prescriptam,
1313 3290 1480 3353 temerasse,
1490 3281 1629 3358 praeclaro
1641 3283 1779 3359 exemplo,

1024 3365 1242 3442 dispositionem
1255 3365 1490 3438 artificiosiorem‚
1503 3367 1553 3426 sed
1562 3368 1683 3426 eandem
1696 3370 1779 3426 mole

1024 3453 1151 3523 stiorem,
1161 3452 1298 3510 doctrinae
1307 3473 1396 3530 quum
1406 3454 1435 3512 in
1445 3453 1541 3527 rebus,
1548 3467 1608 3512 tum
1618 3456 1648 3512 in
1658 3455 1779 3514 dictione

1022 3541 1243 3598 ostentationem
1267 3541 1396 3600 intulisse
1418 3543 1449 3600 in
1469 3543 1525 3601 hoc
1550 3563 1671 3622 poeseos
1695 3565 1778 3623 gersus

1023 3627 1145 3685 videtur.
1158 3627 1243 3698 Quod
1259 3629 1375 3705 quidem
1385 3649 1450 3688 cum
1467 3630 1547 3706 Lyda
1560 3632 1696 3690 omnibus
1710 3653 1778 3690 con-

1022 3712 1178 3772 ditionibus
1193 3717 1355 3792 comparari
1370 3729 1481 3794 posset,
1494 3717 1654 3794 elegiacum
1668 3738 1778 3776 carmen

1021 3802 1142 3860 fortasse
1158 3802 1268 3860 nullum
1285 3823 1404 3880 nsquam
1423 3805 1550 3876 exstitit,
1569 3806 1594 3863 si
1612 3805 1689 3864 sorte
1707 3807 1778 3864 ller-

1021 3890 1197 3948 mesianactis
1210 3890 1361 3949 Leontium
1371 3891 1536 3966 exceperis:
1546 3893 1776 3949 acnnnmaximn

1020 3978 1048 4034 in
1060 3977 1172 4034 honore
1187 3978 1272 4034 luisse
1285 3977 1362 4054 apud
1373 3977 1584 4035 Alexandrinos
1593 3979 1698 4036 mirum
1709 3978 1776 4034 illud

1019 4064 1183 4123 Antimachi
1194 4083 1324 4133 carmen,
1334 4076 1412 4120 certe
1420 4063 1497 4140 apud
1506 4064 1713 4122 Callimachum
1723 4085 1776 4122 non

1020 4149 1121 4219 luisse,
1139 4149 1266 4208 ostendit
1279 4149 1355 4207 illius
1373 4149 1407 4206 ir.
1426 4157 1490 4216 dtr.
1507 4149 1703 4208 Nihilominus
1717 4169 1777 4207 cen

1047 4349 1100 4397 Hoc
1111 4359 1197 4408 gerne
1205 4346 1314 4396 animum
1326 4345 1479 4396 demulcendi
1490 4357 1550 4394 nsns
1561 4349 1599 4394 est
1616 4347 1693 4395 edam
1712 4346 1774 4396 Anti

1016 4418 1116 4467 machus
1127 4417 1215 4480 poste:
1226 4429 1303 4478 quum
1314 4416 1379 4465 enim
1387 4419 1466 4464 morte
1478 4416 1602 4466 ambisset
1617 4416 1702 4478 Lyden
1718 4429 1774 4465 usn

1016 4497 1163 4548 remquam
1180 4485 1312 4534 admodum
1329 4497 1409 4534 caram
1420 4484 1546 4547 haband,
1564 4484 1671 4535 imicndi
1685 4485 1772 4534 deteris

1016 4565 1089 4602 cansa
1100 4553 1199 4615 elegiam
1208 4554 1306 4616 scripsit
1321 4555 1401 4603 Lrnns
1414 4552 1520 4612 dictem
1530 4555 1557 4602 in
1567 4567 1616 4615 qna
1629 4554 1773 4604 mummtis

1016 4622 1305 4672 heronmetherninnnm
1312 4621 1499 4683 ndomitstibus,
1513 4621 1772 4673 mmmmm

1015 4690 1242 4740 commemoratione
1250 4703 1324 4740 snum
1335 4702 1465 4742 mensorem
1477 4689 1610 4742 tetum

1209 4795 1381 4869 Asclepiaden
1398 4801 1575 4883 epigrnmmo.

1013 4899 1079 4952 Sum
1094 4894 1169 4968 Lyde
1181 4910 1268 4966 genus
1281 4898 1310 4950 ct
1323 4909 1433 4961 nomen,
1446 4893 1532 4966 magis
1545 4893 1646 4967 inclyta
1660 4893 1741 4952 Codri

1047 4973 1175 5044 progenie
1186 4978 1284 5029 cuncta
1296 4971 1368 5028 iacta
1384 4989 1431 5044 per
1443 4973 1647 5028 Antimachum.

211 5069 260 5114 tam
274 5065 452 5129 colophonem
463 5072 487 5116 et
499 5067 574 5118 libros
585 5083 666 5122 sacros
682 5071 786 5133 querelis
801 5069 921 5134 implerit,
931 5069 967 5120 sic
1011 5053 1079 5121 Quis
1093 5067 1149 5106 ¹¹⁰⁰
1161 5068 1204 5107 ¹¹¹⁰
1214 5051 1330 5108 oesslflli?
1339 5051 1401 5122 ‘1⁰5⁸
1414 5067 1470 5108 ¹¹⁰⁰
1482 5052 1576 5122 Lyden
1591 5051 1732 5118 ‘wimiis

211 5132 241 5188 ού
250 5129 314 5182 omni
328 5135 411 5186 dolore
422 5139 529 5186 sanatus

1045 5144 1218 5186 communem
1228 5131 1368 5184 Musarum
1380 5128 1588 5201 Antimaclrique
1598 5127 1721 5185 librum?
