3850 5925
258 451 340 514 Turi
360 449 444 512 ΜΕΘ
463 447 623 512 ΟΜΗΡΟΝ
645 448 689 508 ΙΓ.

133 582 289 668 ἀνθρώπων
301 583 346 643 έπί
359 585 430 666 φῦλα
443 581 545 663 διηερίη
562 579 710 652 πεπότηται

132 673 267 753 τινυμένη
280 673 326 733 σῦν
341 671 407 744 Ζηνί
420 673 510 730 κακῶν
522 664 675 751 ἐπιίστορας
683 667 776 749 έργων.

184 761 240 830 Ὣς
252 761 332 821 είπὼν
347 758 458 834 δηίοισιν
472 758 571 833 άνηλέα
583 765 676 837 τεῦχεν
688 756 807 837 όλιθρον·

74 869 120 908 τῖε
139 850 254 929 μαίνετο
264 849 317 932 γάρ
326 851 350 908 οἱ
360 847 442 928 θυμδτ
454 847 506 907 ort
516 846 612 930 κραδίῃ
626 844 685 924 μεγ’
697 842 779 912 ἀέξων

136 937 283 1018 ζηλήμων·
297 937 342 998 καί
356 935 444 996 πολλά
457 935 517 1018 περὶ
528 937 604 1018 φρεσὶ
616 930 780 1016 θαρσαλέῃσι

139 1027 239 1110 Τρωσί
253 1025 324 1086 κακὰ
338 1023 492 1108 φρονέεσκε,
504 1023 539 1083 τά
553 1023 585 1096 δή
598 1024 653 1090 θεὸς
665 1022 826 1091 έξεθέλεσσεν

139 1114 252 1199 πρέσδα
263 1114 346 1188 Δίκη·
356 1121 437 1173 κεῖνοι
446 1111 497 1196 γίιρ
507 1113 645 1172 ἀτάσθαλα
657 1115 757 1193 πρῶτοι
769 1106 858 1190 ἔρεξαν

135 1205 209 1288 ἀμφ’
221 1201 346 1277 Ἑλένης,
359 1205 460 1284 πρῶτοι
472 1201 500 1261 δέ
514 1200 560 1261 καί
571 1199 648 1284 δρκια
661 1197 820 1278 πημήναντο

76 1309 123 1350 auu
142 1291 279 1372 σχέτλιοι,
291 1289 392 1350 θππότε
407 1299 478 1350 κεῖνο
491 1288 548 1350 διὲκ
562 1289 645 1370 μέλαν
661 1281 729 1366 α’ίμα
738 1285 784 1345 καί
795 1283 840 1366 ίρδ

142 1380 285 1440 ἀθανάτων
295 1379 419 1438 ἐλάθοντο
433 1377 628 1461 παραιύασίῃσι
640 1377 718 1437 νόοιο.

139 1469 194 1546 Τῷ
208 1465 253 1526 καί
268 1489 329 1550 σφιν
342 1463 497 1546 μετόπισθεν
513 1465 645 1548 Ἐριννύες
658 1465 740 1544 άλγεα
750 1467 859 1541 τεῦχον·

138 1554 325 1638 τούνεκίίρόί
333 1553 480 1636 μένδλοντο
488 1556 541 1638 πρὸ
549 1555 693 1636 τείχεος,οί
702 1553 725 1612 δ’
738 1549 861 1611 άνάἀστυ

139 1643 301 1727 τερπόμενοι
314 1641 389 1726 παρδ
402 1644 471 1704 δαιτί
480 1645 525 1704 καί
538 1643 665 1722 ήῦκόμοις
675 1640 820 1723 ἀλόχοισιν.

80 1747 125 1790 sss
188 1731 255 1815 Ὀρθ
269 1731 297 1792 δέ
311 1732 347 1805 δή·
354 1731 488 1799 Μενέλαος
505 1731 543 1792 ἐνὶ
555 1731 698 1813 μυχάτυισι
713 1727 804 1808 δόμοιο

145 1813 223 1903 εύρεν
237 1819 283 1895 ἑήν
295 1821 453 1902 παράκοιτιν
465 1819 681 1902 θποτρομέουσαν
694 1815 811 1898 ὁμοκλήν

143 1907 242 1990 άνδρδς
251 1907 394 1993 κουριδίοιο
407 1906 597 1992 θρασύφρονος·
609 1906 637 1975 δς
647 1930 691 1986 μιν
705 1904 823 1990 ἀθρήσας

143 1995 258 2080 ὥρμηνε
269 1995 388 2058 κτενέειν
404 1994 605 2076 ζηλημυσύνῃσι
613 1994 697 2072 νόοιο,

145 2085 171 2142 εἰ
181 2085 221 2162 μή
233 2087 258 2144 οἱ
270 2083 394 2167 κατέρεξε
407 2086 468 2165 βίην
483 2083 584 2167 έροέσσ’
597 2083 751 2168 Ἀφροδίτη,

83 2191 128 2230 ssu
144 2171 166 2244 ἥ
181 2173 216 2256 ῥά
229 2175 293 2233 οίέκ
305 2177 402 2258 χειρῶν
413 2171 493 2234 έόαλε
505 2173 591 2256 ξίφος,
605 2173 667 2254 έοχε
677 2173 700 2230 δ’
709 2167 804 2255 έρωήν·

144 2267 195 2321 τοῦ
207 2261 259 2344 γίιρ
276 2265 353 2336 ζῆλον
363 2261 471 2344 έρεμνδν
486 2261 612 2322 ἀπώσατο
629 2261 675 2321 καί
687 2263 711 2320 οἱ
725 2257 826 2342 ἔνερθεν

145 2348 215 2420 ἡδῦν
227 2350 268 2433 ἀφ’
279 2348 370 2432 ἵμερον
382 2339 452 2431 ὦρσε
465 2349 535 2410 κατδ
548 2349 638 2433 φρενός
652 2348 699 2422 ήδέ
709 2347 755 2408 καὶ
768 2346 863 2406 όσσων·

147 2437 219 2520 τῷδ’
224 2437 276 2520 άρα
281 2437 382 2517 θάμόος
388 2439 499 2499 άελπτον
506 2439 644 2512 ἐπήλυθεν·
652 2439 705 2498 οὐδ’
712 2436 753 2519 ἀρ’
759 2435 797 2495 ἔτ’
802 2434 865 2508 ἔτλη

144 2523 312 2593 amaillo
319 2527 444 2610 ἀρίδηλον
452 2525 778 2610 έπλξίφοςαύχένικῦρσαι,

87 2633 130 2672 σεε
148 2613 212 2672 ἀλλ’
224 2611 313 2695 ὥσπερ
328 2613 403 2683 ξύλον
418 2605 481 2674 αδον
492 2617 519 2673 έν
531 2613 603 2697 οῦρεῖ
616 2613 721 2687 ὑλήεντι

147 2699 281 2776 εἱστήκει,
293 2699 324 2760 τδ
339 2699 387 2780 μὲν
398 2699 455 2761 οῦτι
467 2701 525 2762 θοαί
541 2701 640 2784 Βορέαο
654 2701 762 2761 θύελλαι

149 2787 295 2868 έσσύμεναι
308 2787 443 2849 κλονέουσι
456 2789 491 2848 δι’
502 2789 577 2873 ἠέρος
582 2837 590 2865 ,
604 2789 663 2850 οὔτε
677 2787 786 2851 Νότοιο·

149 2876 187 2945 ὣς
201 2881 216 2936 δ
229 2876 319 2959 ταφὼν
334 2877 396 2956 μένε
407 2875 500 2960 δηρόν·
514 2876 667 2951 θπεκλάσθη
681 2876 709 2937 δι’
721 2879 745 2937 ol
757 2871 826 2946 ἀλκή

150 2964 558 3051 δερκομένουτιαράκοιτιν·άφαρ
566 2966 589 3027 δ’
596 2963 867 3047 όγελήσατοπάντων,

91 3070 136 3112 τοο
153 3054 224 3113 ὅσσα
238 3056 262 3113 oi
275 3056 302 3113 έν
314 3053 437 3135 λεχέεσσι
449 3056 580 3138 παρήλιτε
594 3055 760 3139 κουριδίοισι·

148 3142 240 3202 πάντα
253 3140 305 3224 γάρ
322 3142 458 3222 ἠμάλδυνε
472 3142 518 3203 θείι
532 3142 649 3227 Κύπρις,
662 3144 730 3227 ἥπερ
743 3140 867 3203 ἀπάντων

148 3230 287 3290 ἀθανάτων
304 3230 420 3309 δάμνησι
432 3230 490 3292 νόον
498 3236 599 3305 θνητῶν
611 3232 635 3291 τ’
647 3230 807 3315 ἀνθρώπων·

151 3317 224 3378 ἀλλά
239 3318 284 3378 καί
298 3318 333 3387 ὣς
346 3318 405 3379 col»
417 3308 467 3402 ἀορ
480 3318 533 3380 άπδ
546 3320 639 3401 χθονδς
654 3312 728 3387 αὖθις
740 3318 829 3401 ἀείρας

151 3406 272 3488 κουριδίῃ
282 3405 423 3490 έπόρουσε·
436 3406 494 3477 νόος
507 3406 536 3467 δέ
548 3410 573 3467 ol
588 3408 648 3469 ἄλλ’
660 3408 698 3468 lot
714 3410 789 3490 θυμῷ

89 3517 133 3557 scs
149 3494 259 3577 ὥρμθτ’
268 3495 438 3574 έσσυμένοιο·
452 3494 521 3579 δόλῳ
535 3495 559 3554 δ’
572 3494 625 3577 άρα
637 3496 726 3575 θέλγεν
739 3493 868 3576 λχαίους.

153 3584 210 3645 Καί
221 3582 282 3643 τότε
296 3606 341 3663 μιν
354 3581 493 3667 κατέρυξεν
508 3583 632 3666 ἀδελφεὸς
641 3580 744 3663 ίεμενόν
759 3606 808 3665 περ

151 3671 296 3843 τινι
309 3758 823 3843 l

753 3802 759 3833 ί

192 3846 285 3929 Ἰσχεο
295 3854 341 3908 νῦν
354 3849 475 3909 iluna
485 3846 660 3929 χολούμενος·
675 3850 704 3908 οὗ
716 3847 768 3931 γάρ
781 3846 850 3907 ἔοικε

93 3957 138 3998 iio
151 3936 287 4018 κουριδίην
297 3934 454 4015 παράκοιτιν
468 3935 614 4019 ἐναιρέμεν,
623 3927 654 4009 ής
667 3936 728 4019 πέρι
737 3934 825 3995 πολλδ

156 4025 233 4105 ἄλγε’
243 4022 388 4102 ἀνέτλημεν
401 4024 518 4107 Πριάμῳ
532 4023 604 4085 κακδ
617 4023 790 4104 μητιόωντες·

155 4116 186 4173 αδ
198 4111 298 4194 γάρτοι
311 4111 407 4185 Ἑλένη
420 4110 494 4173 πέλει
507 4110 593 4187 αίτέη,
607 4116 643 4181 ὡς
652 4112 710 4193 σύγ’
719 4112 832 4188 έολπας,

151 4200 224 4261 ἀλλά
231 4199 334 4283 Πάρις,
349 4200 440 4270 ξενίοιο
453 4200 515 4270 nri<
528 4201 575 4263 καί
592 4210 647 4262 σεῖο
659 4201 792 4285 τραπέζης

154 4288 415 4371 λησάμενος·τῷκαί
423 4315 467 4369 μιν
473 4293 499 4349 έν
508 4289 700 4370 άλγεσιτίσατο
708 4289 818 4369 δαίμονι.

95 4400 139 4439 ris
192 4370 872 4463 Ὣςφάθ’·θδάίψ’έπίθησε·θεοίδέρικυδέαΤροίην

156 4465 276 4534 κυανέαις
284 4466 404 4549 νεφέεσσι
416 4469 598 4550 καλυψάμενοι
611 4468 753 4548 γοάασκον,

157 4556 249 4637 νόσφιν
263 4556 431 4635 δίπλοκάμου
441 4556 602 4639 Τριτωνίδος
613 4556 661 4629 ήδδ
675 4555 720 4615 καί
731 4554 833 4638 Ἥρης,

158 4643 188 4704 αἳ
203 4643 273 4723 μέγα
284 4644 442 4705 κυδιάασκον
455 4643 505 4705 ssi
517 4642 624 4726 φρένας,
635 4636 688 4705 τότ’
699 4643 815 4704 έσίδοντο

156 4732 318 4815 περθόμενον
332 4732 427 4793 κλυτδν
438 4732 504 4793 άστυ
519 4733 651 4814 δεηγενέος
667 4730 814 4815 Πριάμοιο·

97 4838 141 4877 iso
158 4821 219 4880 ἀλλ’
231 4823 262 4880 οῦ
277 4821 329 4899 μὴν
344 4822 399 4881 οὔδ’
416 4820 483 4895 αῦιή
498 4821 599 4904 ἐΰφρων
611 4820 780 4903 Τριτογένεια

158 4908 275 4989 πάμπαν
288 4909 400 4991 άδακρυς
414 4910 470 4985 έην,
484 4910 559 4985 έπειή
572 4910 606 4993 ῥά
620 4914 644 4970 σί
656 4908 739 4969 ἔνδοθι
751 4912 815 4981 νηοῦ

159 4996 337 5081 Κασσάνδρην
350 4998 463 5079 ᾔσχυνεν
475 4998 575 5068 Ὀϊλέος
586 4999 694 5081 όδριμος
707 4996 775 5073 υίὸς,

161 5090 245 5165 θυμοῦ
259 5087 283 5146 τ’
296 5086 342 5160 ἠδέ
353 5086 422 5147 νόοιο
437 5087 633 5168 βεόλαμμίνος·
643 5092 661 5159 ἡ
672 5086 734 5147 tiri
744 5084 814 5145 αίνδν

160 5175 288 5235 εἰσοπίσω
301 5176 365 5257 βάλε
377 5179 458 5254 πῆμα
470 5175 515 5236 καί
527 5176 608 5257 ἀνέρα
621 5176 715 5235 τίσατο
723 5172 820 5248 λιύόης·

100 5278 144 5320 sus
161 5264 214 5326 τύδ’
223 5263 270 5343 ἥγ’
278 5264 353 5348 ἔργον
363 5264 449 5332 ἀεικές
461 5264 608 5349 ἐσέδρακεν,
617 5264 686 5325 ἀλλά
700 5266 724 5323 οἱ
737 5262 816 5329 αἰδὼς

1006 440 1393 506 ΡΟὸΤΗΟΜΕίίΙῦΟΒῦΜ
1404 443 1476 505 Lis.
1490 443 1573 505 xlii.
1617 453 1668 506 tsi

903 591 1030 641 inominum
1041 590 1072 642 ad
1086 590 1197 641 ustiones
1207 601 1340 653 per-aerem
1349 589 1436 640 volitat

902 681 1006 744 puniens
1016 693 1073 730 mm
1084 682 1147 730 lora
1158 678 1278 729 nidorum
1289 679 1401 730 conscios
1412 691 1523 743 operum,

933 766 974 817 sie
984 766 1081 816 locutus
1100 765 1213 816 hostibus
1223 765 1318 816 immite
1327 765 1429 829 parabat
1444 764 1566 815 exitium.

903 854 999 905 iurabat
1006 855 1071 905 enim
1082 854 1160 918 ipsius
1169 853 1296 904 animnsin
1305 856 1403 918 pectore
1411 853 1483 905 ralsle
1493 854 1657 905 intumescens
1668 890 1676 914 .

903 942 1044 1007 zelotypus,
1057 956 1085 993 sc
1093 943 1172 993 muita
1179 943 1206 992 in
1217 946 1299 994 mente
1308 942 1430 1007 intrepida

903 1030 1013 1095 Troianis
1024 1032 1088 1081 mala
1097 1031 1269 1094 meditabatur,
1279 1045 1336 1095 quas
1346 1031 1390 1082 dea
1399 1031 1500 1096 perfecit

903 1122 1042 1173 veneranda
1050 1121 1158 1173 lustitia.
1171 1121 1209 1173 illi
1220 1121 1285 1172 euim
1296 1121 1382 1184 iniqua
1391 1121 1464 1185 primi
1473 1123 1601 1185 patrarant

904 1210 929 1260 iu
941 1211 1057 1261 lieienam
1066 1248 1074 1273 ,
1083 1211 1203 1275 primique
1212 1209 1285 1260 etiam
1298 1209 1389 1259 ioeders
1404 1209 1525 1260 uiolarunt

904 1299 1024 1363 scelerati,
1036 1299 1136 1362 quando
1146 1299 1216 1348 ilium
1225 1301 1306 1348 atrum
1320 1310 1431 1348 cruorem
1444 1301 1470 1348 et
1481 1309 1549 1348 soem

904 1387 1006 1439 deorum
1017 1387 1291 1437 oblivioni-tradiderant
1301 1385 1493 1450 transgressione
1504 1385 1605 1436 mentis.

904 1476 963 1527 ideo
974 1475 1048 1527 etiam
1059 1477 1119 1541 ipsis
1129 1481 1214 1541 postes
1222 1476 1302 1527 Furia
1312 1475 1462 1526 cdamitmoe
1473 1479 1607 1538 pararunt,

905 1563 1571 1626 idcircoaliiorcubueruutsntemoenia,aiiibrurbe

905 1655 1090 1704 obiectantssse
1098 1655 1125 1704 in
1135 1653 1250 1704 condrio
1262 1657 1288 1704 et
1298 1665 1358 1704 αιιτιι
1366 1653 1521 1717 pulcrioomis
1532 1649 1663 1702 uxoribus.

936 1743 1046 1795 'landem
1058 1747 1141 1794 autem
1152 1741 1277 1794 Menelaus
1287 1743 1313 1793 in
1324 1741 1489 1806 penetralibus
1497 1740 1587 1792 domus

907 1831 1004 1883 iurarit
1013 1845 1085 1882 snam
1096 1833 1225 1896 conjugem
1235 1831 1445 1896 pertimescentem
1457 1827 1649 1894 increpationem

907 1920 954 1970 riri
963 1921 1066 1986 legitimi
1076 1921 1180 1971 animosi
1194 1936 1201 1970 :
1213 1919 1256 1985 qni
1267 1922 1346 1985 ipsam
1358 1920 1514 1984 conspicatus

907 2009 979 2061 irruit
988 2009 1168 2061 utbteriioeret
1178 2009 1297 2074 mlotypia
1309 2006 1398 2059 mentis
1412 2008 1555 2071 impulsas,

908 2097 956 2147 nisi
972 2098 1049 2162 ipsius
1061 2099 1211 2149 inhibuisset
1226 2099 1369 2149 uiolentiam
1382 2097 1472 2147 blanda
1487 2098 1588 2157 Venus,

908 2199 965 2252 τινα
973 2186 1021 2251 ipsi
1031 2199 1046 2237 e
1056 2185 1169 2236 manibus
1180 2186 1289 2236 excussit
1295 2198 1389 2246 ensem,
1397 2197 1427 2234 sc
1434 2181 1545 2233 collibuit
1551 2180 1680 2244 impetum

908 2277 961 2338 eius
973 2275 1039 2325 enim
1050 2273 1193 2339 relotypiam
1204 2274 1299 2325 tristem
1311 2273 1404 2338 depulit
1415 2274 1441 2323 et
1451 2270 1499 2336 ipsi
1508 2270 1577 2320 intus

909 2363 1008 2414 dulcem
1019 2375 1128 2413 amorem
1139 2362 1257 2414 exdtarit
1267 2363 1293 2412 in
1307 2361 1414 2412 sordeat
1424 2357 1503 2410 oculis
1516 2373 1523 2408 :

909 2465 968 2502 eum
978 2451 1053 2516 igitur
1065 2456 1151 2516 stupor
1170 2452 1307 2516 insperatam
1317 2449 1419 2512 iuraui,
1432 2461 1512 2512 neque
1523 2445 1629 2511 amplius
1644 2458 1683 2495 su·

910 2535 1120 2600 stinnitiiormam
1129 2535 1215 2586 videns
1224 2535 1347 2594 eximiam,
1357 2547 1441 2586 ensem
1449 2532 1536 2584 mrrici
1544 2532 1683 2592 admorere,

910 2625 952 2677 sed
964 2628 992 2674 ut
1003 2625 1096 2688 lignum
1106 2625 1201 2674 aridum
1211 2623 1237 2674 in
1248 2627 1332 2674 monte
1343 2621 1435 2674 silvoso

911 2713 992 2765 stabat
1004 2713 1130 2775 immotus,
1144 2712 1212 2777 quod
1222 2725 1303 2777 neque
1313 2711 1391 2776 rapidi
1402 2713 1486 2761 itureae
1496 2709 1570 2760 iistus

911 2801 1055 2853 concutiunt
1065 2801 1179 2852 concitati
1191 2813 1234 2864 per
1245 2813 1335 2862 aerem,
1348 2813 1429 2863 neque
1440 2799 1510 2848 licii:

911 2889 947 2940 sic
959 2887 1000 2941 ille
1010 2889 1129 2940 attonitus
1140 2889 1254 2939 manebat
1265 2887 1316 2948 diu,
1327 2901 1357 2937 ac
1365 2886 1516 2937 iraetumest
1527 2885 1574 2949 ipsi
1586 2883 1661 2934 robur

911 2979 1038 3043 aspicienti
1049 2980 1185 3042 conjugem.
1199 2977 1286 3028 statim
1297 2977 1379 3041 itaque
1387 2976 1523 3027 oblitusest
1531 2976 1651 3037 omnium,

911 3081 968 3131 qum
978 3067 1025 3131 ipsi
1036 3068 1062 3117 in
1072 3071 1127 3116 toro
1138 3063 1272 3128 deliquerat
1284 3064 1407 3129 conjugali
1417 3082 1426 3127 ;

912 3154 1069 3206 ornnisenim
1078 3153 1248 3205 obliterarent
1262 3152 1308 3205 dea
1322 3156 1423 3214 venus,
1435 3164 1492 3216 quie
1503 3153 1649 3201 cunctorum

913 3245 1015 3295 deorum
1025 3244 1109 3294 docnt
1118 3242 1229 3292 animum
1240 3256 1270 3293 ac
1278 3242 1420 3293 mortalium
1435 3240 1574 3291 hominum.

911 3332 1085 3384 verumetiam
1096 3331 1131 3383 sic
1142 3333 1215 3382 muto
1225 3344 1284 3382 ense
1296 3331 1328 3382 de
1338 3333 1402 3382 terra
1412 3330 1502 3381 iterum
1513 3326 1611 3378 subiato

914 3434 1016 3472 uxorem
1025 3422 1217 3485 swessusest:
1229 3432 1300 3470 meus
1308 3433 1367 3470 xero
1376 3418 1422 3483 ipsi
1433 3418 1481 3469 alia
1488 3417 1514 3467 in
1525 3418 1624 3482 pastore

914 3510 1077 3562 utelitabatur
1093 3510 1217 3562 [annana
1231 3525 1237 3558 :
1250 3509 1308 3561 doio
1320 3508 1387 3560 enlm
1402 3506 1543 3573 imponebat
1553 3503 1655 3555 Grecis.

914 3602 949 3648 ac
960 3602 1020 3647 tunc
1031 3598 1112 3662 ipsum
1123 3596 1234 3646 collibuit
1241 3595 1323 3657 lmtsr,
1334 3594 1474 3660 cupientem
1484 3592 1583 3659 quidem
1592 3604 1643 3656 per
1650 3604 1686 3653 se.

914 3685 986 3737 valde
994 3684 1090 3737 blandis
1101 3685 1207 3737 muitum
1221 3684 1377 3749 interpellans
1386 3682 1486 3744 uerbis,

915 3774 1038 3826 nsetrrebst
1047 3776 1113 3825 enim
1124 3787 1156 3825 ne
1166 3775 1226 3839 ipsis
1235 3774 1303 3825 irrita
1312 3775 1402 3823 cuncta
1412 3771 1496 3822 sterent
1509 3786 1516 3820 :

946 3863 1118 3925 Desinenrinc,
1128 3863 1245 3924 Mundae,
1259 3862 1330 3913 irasci
1343 3876 1350 3912 ι
1364 3875 1412 3912 non
1424 3860 1490 3911 enim
1501 3859 1572 3911 decet

915 3950 1046 4015 legitimam
1058 3964 1159 4001 uxorem
1169 3950 1310 4012 interlicere,
1326 3950 1396 4012 cuiuis
1408 3948 1485 4012 gratis
1495 3948 1584 3997 multas

915 4053 1038 4091 aerumnas
1048 4040 1211 4091 sustinuimus
1221 4040 1317 4090 Priamo
1328 4038 1393 4088 mals
1403 4036 1560 4100 meditantem

916 4142 966 4178 non
977 4128 1040 4179 enim
1051 4128 1142 4179 iielens
1154 4127 1196 4178 tibi
1206 4131 1245 4178 est
1255 4140 1342 4188 causa,
1357 4130 1385 4176 ut
1394 4129 1421 4178 tu
1433 4138 1532 4185 censes,

916 4216 957 4267 sed
969 4217 1049 4276 Paris,
1061 4216 1186 4281 hospitalis
1197 4216 1267 4267 loris
1278 4230 1307 4266 ac
1318 4220 1368 4265 tura
1380 4228 1475 4265 mensae

916 4302 1022 4362 obiitus,
1034 4302 1138 4366 ideoque
1147 4302 1229 4367 ipsum
1241 4302 1304 4352 inter
1320 4301 1416 4352 dolores
1427 4298 1507 4365 puniit
1518 4300 1592 4349 Deus.

949 4392 989 4441 Sic
998 4390 1060 4441 dixit
1070 4406 1076 4440 :
1087 4390 1126 4442 iile
1135 4403 1194 4441 vero
1205 4390 1271 4440 iiiioo
1280 4389 1464 4453 obtemperavit
1475 4387 1513 4437 nii
1522 4390 1604 4437 autem
1615 4384 1689 4450 inely-

917 4483 968 4529 tam
979 4478 1086 4543 ijam]
1098 4479 1158 4529 atris
1173 4478 1282 4529 nubibus
1292 4477 1384 4527 obtecti
1396 4476 1517 4527 deiiebant

917 4572 1005 4633 praeter
1015 4568 1191 4632 pulcricomam
1200 4566 1334 4617 Minervam
1345 4569 1370 4615 et
1381 4569 1504 4615 lunonem
1515 4600 1523 4625 ,

917 4670 975 4721 quae
985 4657 1056 4707 vaide
1064 4655 1227 4706 ellerebantur
1235 4654 1334 4715 auimo,
1348 4667 1405 4703 cum
1415 4652 1528 4703 riderent

918 4745 1099 4807 solonqualam
1110 4742 1226 4806 inclytam
1237 4742 1323 4792 urbem
1335 4740 1413 4791 divini
1425 4740 1515 4791 Priami
1527 4754 1534 4789 :

918 4838 1079 4883 rmunumen
1087 4844 1166 4894 neque
1175 4831 1230 4895 ipsa
1240 4832 1338 4894 sapiens
1349 4829 1460 4881 llinerrn

919 4922 1021 4971 omniuo
1030 4918 1201 4971 sinciacrimis
1214 4922 1275 4979 erat,
1285 4932 1343 4969 nam
1354 4920 1407 4982 ejus
1417 4918 1480 4967 intra
1493 4916 1613 4982 tempium

920 5010 1084 5063 cassandram
1097 5010 1195 5061 vitiavit
1203 5008 1266 5059 Oilei
1277 5008 1348 5058 iuriis
1359 5007 1425 5057 iliius

921 5100 1005 5150 animo
1015 5112 1045 5149 ac
1053 5101 1135 5150 menta
1146 5102 1241 5162 captus.
1254 5096 1299 5149 iiia
1308 5110 1367 5147 sero
1378 5094 1426 5161 ipsi
1438 5108 1512 5159 grave

920 5192 1005 5253 postea
1013 5187 1117 5239 immisit
1125 5186 1226 5248 malum
1236 5199 1265 5237 ac
1274 5185 1304 5236 de
1315 5185 1369 5235 viro
1378 5182 1593 5249 poenam-sumpsit
1601 5180 1690 5244 stupri.

920 5281 1005 5342 neque
1015 5291 1044 5329 ea
1055 5277 1150 5328 lacinus
1160 5276 1290 5327 mesum
1300 5271 1404 5338 aspexit,
1419 5270 1463 5323 sed
1474 5270 1521 5335 ipsi
1533 5268 1614 5335 pudor
