3850 5925
277 455 574 566 ‘neroum'uunu
595 484 626 542 a.

130 605 217 687 χερσίν
230 606 417 686 ἀφυσσαμένη·
431 607 506 679 λῆξεν
521 607 543 665 δ’
556 609 641 666 ὀλοοῖο
651 605 750 688 φόθοιο,

83 711 118 750 πυ
131 697 176 774 Τῷ
188 692 233 752 καὶ
244 694 422 772 ἐπιπλομένης
434 699 496 764 ήοῦς
505 694 633 753 νοτίδεσσι
646 692 781 764 θαλάσσης

129 779 254 862 ἐγρομένη
268 779 422 858 πλοκάμους
432 804 460 838 τε
474 781 519 839 καὶ
533 778 631 859 εἵματα
644 779 840 863 φαιδρύνεσκεν.

132 870 216 950 θῆρες
230 868 264 942 δ’,
276 870 306 926 ού
319 867 440 948 θήρεσσιν
454 867 567 935 ἐοικότες
576 870 741 948 ὠμηστῇσιν,

131 953 186 1016 οθδέ
192 953 240 1034 μέν
246 957 301 1014 οὐδ’
306 955 442 1036 ἄνδρεσσιν
451 955 515 1033 θμθν
522 956 677 1034 δέμας,άλλο
683 956 841 1015 δ’ἀπ’ἀλλων

132 1041 272 1122 συμμιγέες
284 1041 400 1121 μελέων,
413 1041 469 1100 κίον
482 1041 585 1124 ἀθρόοι,
599 1042 662 1114 ἠύτε
676 1046 750 1121 μῆλα

85 1147 118 1187 trs
131 1131 160 1189 ἐκ
170 1134 294 1209 σταθμῶν
308 1131 366 1196 ἅλις
378 1120 442 1188 εἶσιν
459 1128 620 1202 ὀπηδεύοντα
633 1135 721 1210 νομῆῖ.

131 1216 220 1283 Τοίους
230 1217 277 1276 καί
289 1215 419 1300 προτέρης
429 1216 456 1286 ἐξ
469 1215 539 1284 ἰλύος
551 1215 713 1289 ἐὸλάσιησεν

132 1303 198 1385 χθὼν
212 1304 281 1377 abab
296 1313 426 1383 μικτοῖσιν
440 1304 615 1386 ἀρηρεμένους
626 1305 776 1382 μελέεσσιν,

133 1391 201 1451 ούπω
214 1391 332 1474 διψαλέῳ
346 1389 410 1469 μάλ’
420 1393 465 1450 ἀπ’
478 1391 536 1473 ἠέρι
549 1394 702 1468 πιληθεῖσα,

132 1479 187 1539 οθδί
199 1503 245 1538 πω
258 1479 379 1548 ἀζαλέοιο
394 1482 483 1560 βολαῖς
491 1479 567 1539 τόσον
580 1481 678 1552 ἠελίοιο

86 1587 120 1625 τευ
133 1567 242 1646 ἰκμάδας
252 1566 391 1645 αἰνυμένη·
405 1565 439 1626 τθ
453 1567 475 1625 δ’
485 1567 529 1626 ἐπὶ
542 1568 634 1648 στίχας
646 1568 744 1648 ἤγαγεν
757 1567 821 1626 αίὼν

135 1655 284 1737 συγκρίνας·
297 1655 350 1722 τὼς
362 1653 390 1714 οί
403 1679 433 1734 γε
443 1654 511 1737 φυὴν
524 1655 627 1727 ἀίδηλοι
640 1655 741 1715 έποντο.

130 1743 235 1826 Ἥρωιις
248 1744 271 1801 δ’
287 1741 332 1802 έλε
346 1741 446 1821 θάμύος
460 1743 606 1825 ἀπείριτον·
621 1734 687 1826 αἶψα
700 1745 723 1802 δ’
735 1743 843 1810 ἕκαστος

134 1831 231 1912 Κίρκες
243 1830 280 1898 είς
292 1855 321 1890 τε
336 1830 404 1914 φυὴν
418 1831 453 1898 είς
465 1833 490 1890 τ’
503 1831 612 1910 ὄμματα
627 1831 829 1905 παπταίνοντες,

134 1921 185 1998 ῥεῖα
196 1918 359 1996 κασιγνήτην
371 1916 458 2000 φάσαν
472 1917 585 1997 ἐμμεναι
597 1919 708 1991 Αἰήταο.

86 2023 120 2062 sss
167 2006 199 2066 Ἥ
208 2003 322 2078 δ’ότεδή
332 2005 428 2086 νυχίων
437 2005 608 2086 ἀπθδείματα
616 2005 719 2089 πέμψεν
727 2006 842 2088 ὀνείρων,

134 2093 213 2152 αὐτίκ’
222 2093 305 2152 ἔπειτ’
313 2093 427 2176 ἄψορρον
439 2093 574 2175 ἀπέστιχε·
585 2093 646 2162 τοὺς
656 2095 677 2152 δ’
688 2093 843 2173 ἀμ’έπεσθαι

134 2181 199 2262 χειρί
211 2179 395 2262 καταρρέξασα
409 2182 628 2264 δολοφροσύνῃσιν
643 2183 750 2262 ἄνωγεν.

132 2267 200 2328 Ἔνθ’
210 2270 271 2342 ήτοι
283 2269 384 2342 πληθύς
398 2271 445 2348 μέν
459 2273 583 2353 ἐφετμαῖς
594 2270 735 2331 Αἰσονίδαο

135 2355 220 2434 μίμνεν
229 2355 391 2435 ἀπηλεγέως·
402 2362 416 2416 θ
426 2358 449 2416 δ’
456 2356 584 2438 ἐρύσσατο
594 2358 715 2438 Κολχίδα
735 2356 842 2439 κούρην.

90 2461 124 2498 ssi
134 2441 222 2526 Ἄμφω
233 2445 257 2502 δ’
270 2443 401 2516 ἑσπέσθην
416 2444 498 2517 αθτλν
511 2445 585 2520 θδδν,
600 2445 649 2512 έςτ’
661 2447 784 2528 ἀφίκοντο

137 2532 231 2614 Κίρκης
241 2533 268 2598 ἐς
280 2531 409 2614 μέγαρον·
424 2532 484 2600 τοὺς
497 2534 520 2592 δ’
533 2536 560 2593 έν
571 2536 707 2616 λιπαροῖσι
719 2533 823 2593 κέλευεν

132 2617 184 2697 ήγε
197 2619 298 2701 θρόνοις
312 2619 429 2696 ἕζεσθαι,
443 2621 632 2701 ἀμηχανέουσα
645 2621 762 2681 κιόντων.

134 2705 178 2765 Tb
190 2708 212 2765 δ’
226 2708 294 2788 ἄνεῳ
310 2707 355 2767 καὶ
371 2709 477 2768 άναυδοι
491 2711 530 2791 ἐφ’
544 2709 617 2790 ἐστίη
630 2705 745 2779 ἀίξαντες

135 2791 230 2870 ίζανον,
242 2793 291 2866 ἥτε
303 2794 363 2866 δίκη
376 2797 480 2878 λυγροῖς
492 2797 596 2877 ίκέτησι
607 2796 744 2873 τέτυκται,

87 2899 121 2936 ιιι
132 2885 148 2952 ἡ
160 2881 203 2958 μέν
217 2883 261 2941 ἐπ’
274 2883 433 2967 ἀμφοτέραις
446 2883 542 2964 θεμένη
555 2886 673 2968 χείρεσσι
686 2885 812 2963 μέτωσια,

132 2970 210 3053 αιἰτθρ
222 2976 353 3044 δκωττῆεν
364 2972 435 3051 μέγα
448 2972 581 3055 φάσγανον
594 2977 621 3033 ἐν
634 2976 708 3054 χθονί
719 2973 817 3049 πήξας,

142 3120 147 3139 Ι
180 3058 202 3139 ’ρ
214 3059 239 3118 τ’
253 3060 355 3131 Αἰήταο
367 3060 433 3121 πάϊν
449 3061 557 3121 κτάνεν·
570 3062 630 3121 οθδέ
641 3064 700 3121 ποτ’
712 3062 773 3122 ύσσε

137 3144 188 3212 lul<
198 3147 235 3205 ένὶ
250 3146 335 3229 βλεφά
353 3170 419 3209 οισιν
431 3148 580 3230 ἀνέσχεθον.
594 3150 697 3210 Αὐτίκα
712 3152 735 3210 δ’
745 3148 812 3229 ἔγνω

134 3232 216 3314 Κίρκη
228 3233 317 3317 φύξιον
331 3172 414 3311 ύίτον,
428 3236 598 3320 ἀλιτροσύνας
607 3262 637 3297 τε
648 3238 743 3320 φόνοιο.

87 3338 122 3379 to
135 3322 178 3402 Τῷ
187 3323 231 3382 καὶ
245 3324 388 3402 ὀπιζομένη
403 3324 486 3396 Ζηνδς
499 3324 574 3404 θέμιν
591 3326 725 3401 Ἱκεσίοιο,

135 3407 159 3475 θς
171 3408 238 3489 μέγα
254 3410 302 3489 μέν
314 3411 409 3487 κοτέει,
422 3412 491 3491 μέγα
505 3414 527 3471 δ’
535 3412 728 3495 ἀνδροφόνοισιν
741 3413 844 3494 ἀρήγει,

134 3494 185 3575 ῥέζε
198 3498 357 3573 θυηπολίην,
370 3500 416 3578 οἴῃ
427 3500 451 3557 τ’
464 3500 688 3577 ἀπολυμαίνονται

134 3585 241 3655 νηλιτεῖς
259 3585 359 3660 ἱκέται,
373 3586 412 3645 ὅτ’
425 3586 540 3669 ἐφέστιοι
551 3587 700 3648 ἀντιόωσιν.

134 3674 228 3752 Πρδπα
241 3674 291 3751 μέν
305 3672 444 3756 ἀτρέπτοιο
456 3674 579 3757 λυτήριον
593 3674 611 3747 ή
625 3700 655 3755 γε
667 3676 755 3757 φόνοιο

88 3772 122 3809 tut
134 3760 269 3838 τειναμένη
279 3760 425 3844 καθύπερθε
436 3762 496 3830 συδς
507 3761 599 3837 τέκος,
612 3756 643 3835 ής
655 3763 695 3823 έτι
708 3765 785 3842 μαζοὶ

132 3846 288 3931 πλήμμυρον
300 3849 393 3929 λοχίης
405 3853 435 3909 ἐκ
448 3848 556 3926 νηδύος,
568 3849 662 3929 αἵματι
674 3861 765 3933 χεῖρας

134 3932 234 4013 τέγγεν,
248 3937 431 4015 ἐπιτμήγουσα
444 3937 536 4019 δέρην·
550 3932 622 4005 αθτις
635 3937 720 3998 δὲκαὶ
737 3940 825 4006 άλλοις

132 4020 259 4097 μείλισσεν
275 4022 410 4103 χύτλοισι,
423 4024 565 4107 καθάρσιον
580 4025 746 4105 ἀγκαλέουσα

133 4111 216 4185 Ζῆνα,
229 4112 407 4190 παλαμναίων
420 4112 547 4194 τιμήορον
559 4112 691 4173 ἱκεσιάων.

87 4210 122 4249 πυ
137 4196 186 4256 Καὶ
198 4196 232 4256 τά
244 4198 293 4277 μέν
307 4198 389 4281 ἀθρόα
399 4197 486 4259 πάντα
496 4198 584 4279 δόμων
594 4202 624 4259 ἐκ
637 4199 734 4279 λύματ’
743 4200 844 4261 ἐνεικαν

135 4283 404 4367 Νηῖάδεςπρόπολοι,
416 4286 460 4346 ταί
474 4290 498 4347 οί
509 4286 638 4368 πόρσυνον
652 4286 760 4348 ἕκαστα.

136 4368 168 4430 Ἡ
178 4371 200 4428 δ’
212 4370 277 4431 εἴσω
288 4373 417 4441 πελάνους
431 4372 570 4455 μείλικτρά
578 4397 607 4433 τε
620 4374 777 4457 νηφαλίῃσιν

132 4466 201 4517 καῖεν
214 4461 258 4517 ἐπ’
270 4462 405 4542 εὐχωλῇσι
415 4461 571 4543 παρέστιος,
584 4462 652 4544 όφρα
664 4461 755 4543 χόλοιο

131 4546 292 4627 σμερδαλέας
303 4547 427 4609 παύσειεν
448 4548 660 4630 Ἐριννύας,.ήδέ
674 4550 718 4609 καὶ
731 4552 807 4619 αὐτὸς

85 4646 120 4685 ris
134 4632 252 4711 εὐμειδής
265 4658 293 4694 τε
306 4636 413 4697 πέλοιτο
426 4638 472 4697 καί
485 4638 562 4711 ήπιος
574 4637 774 4719 ἀμφοτέροισιν,

131 4718 176 4777 εἶτ’
188 4712 233 4781 οθν
245 4722 337 4805 ὀθνείῳ
347 4724 524 4803 μεμιασμένοι
537 4723 631 4804 αίματι
642 4734 749 4808 χεῖρας,

132 4804 182 4867 εἴτε
194 4809 240 4868 καί
255 4810 364 4893 ἐμφύλῳ
375 4811 537 4893 προσκηδέες
547 4811 694 4873 ἀντιόωσιν.

171 4895 265 4977 Αθτάρ
270 4898 327 4957 ἐπεὶ
334 4897 408 4976 μάλα
414 4898 751 4973 πάνταπονήσατο,δήτότ’
756 4900 847 4960 ἔπειτα

130 4970 195 5041 εἷσεν
208 4984 255 5043 ἐπί
270 4984 396 5053 ξεστοῖσιν
409 4986 581 5060 ἀναστήσασα
594 4986 736 5069 θρόνοισιν,

85 5080 119 5121 tlt
133 5070 176 5127 καί
190 5070 214 5127 δ’
227 5070 297 5144 αὐτ-λ
311 5070 395 5141 πέλας
403 5064 459 5143 ἷζεν
473 5073 609 5141 ἐνωπαδίς·
623 5066 698 5157 Αέψα
711 5074 739 5135 δέ
753 5074 828 5157 μύθῳ

130 5160 211 5235 χρτιῶ
222 5158 359 5232 ναυτιλίην
371 5181 401 5220 τε
414 5161 545 5243 διακριδὸν
557 5160 707 5243 ἐξερέεινεν,

133 5244 174 5315 ἠδ’
186 5244 284 5307 (πόθεν
298 5244 366 5327 puel
379 5258 457 5329 γαῖαν
470 5247 516 5323 έήν
528 5248 572 5309 καὶ
582 5248 684 5330 δώματ’
696 5246 778 5317 ἰόντες

990 483 1356 547 ARGONAUTICORUM
1377 487 1449 547 Llll.
1473 489 1523 550 lv.
1600 503 1633 552 θι

885 607 1036 672 rubentem]
1048 609 1161 660 manibus
1173 611 1262 660 hausto
1274 626 1279 660 :
1292 615 1316 662 et
1329 613 1434 662 cessarit
1445 627 1535 665 ε-ειενο
1546 624 1620 666 metu.

885 699 966 754 Quare
976 697 1064 759 etiam,
1077 701 1162 747 exorta
1174 711 1275 760 aurora,
1291 700 1362 762 aquis
1373 701 1448 751 maris

885 789 1024 848 experrecta
1034 787 1112 836 omnes
1123 790 1148 836 et
1158 791 1238 837 vestes
1249 788 1334 837 abluit.

885 875 952 922 Ferae
964 877 1061 935 autem,
1073 887 1122 922 nnn
1133 874 1189 923 ieris
1201 875 1293 925 similes
1305 876 1454 938 erudireris,

885 973 965 1024 nequa
977 961 1050 1010 etiam
1062 961 1122 1010 viris
1132 963 1185 1025 pari
1196 975 1310 1025 corpore,
1324 964 1367 1012 sed
1380 963 1447 1014 aliud
1459 963 1513 1013 aliis

885 1041 1172 1112 compositumbabentes
1181 1050 1297 1099 membris
1307 1050 1375 1100 ibant
1383 1051 1536 1114 trequentes,
1545 1060 1574 1100 ut
1584 1063 1653 1114 pecu

885 1135 938 1198 des]
950 1149 981 1186 ex
992 1136 1094 1186 stabulis
1104 1136 1219 1186 conferta
1229 1141 1319 1187 exeunt
1331 1142 1460 1200 sequentes
1471 1142 1601 1202 pastorem.

885 1223 954 1274 'l'ales
966 1224 1039 1273 etiam
1050 1225 1130 1288 primo
1141 1238 1172 1274 er
1183 1223 1235 1274 luto
1247 1226 1392 1275 formaverat

886 1315 949 1362 terra
957 1311 1010 1374 ipsa
1023 1313 1108 1361 mixtis
1116 1313 1264 1375 compositas
1275 1313 1392 1362 membris

886 1396 996 1445 nondum
1007 1397 1134 1446 siticuloso
1145 1411 1200 1447 nere
1212 1397 1284 1447 valde
1295 1411 1449 1462 compressa,

886 1485 997 1534 noudum
1009 1487 1123 1535 torrentis
1134 1487 1195 1536 adeo
1208 1486 1283 1535 radiis
1295 1485 1353 1535 solis

886 1573 1001 1623 humores
1012 1577 1083 1624 nacta
1093 1590 1098 1622 :
1109 1574 1163 1624 haec
1174 1579 1255 1624 tamen
1265 1578 1291 1624 in
1303 1575 1400 1624 ordines
1411 1574 1503 1636 redegit
1516 1577 1613 1637 tempus

886 1662 1043 1724 conjungens.
1054 1663 1095 1712 Sic
1104 1663 1152 1712 illae
1164 1663 1249 1728 (serem
1262 1667 1348 1712 natura
1359 1663 1457 1712 incertas
1466 1661 1637 1724 sequebantur.

886 1751 979 1796 Heroas
989 1751 1071 1796 autem
1083 1747 1147 1810 cepit
1158 1751 1244 1810 stupor
1254 1747 1389 1797 immensus
1399 1762 1405 1796 :
1415 1751 1441 1796 at
1449 1747 1531 1796 statim
1540 1759 1652 1810 quisque,

887 1832 970 1882 circes
981 1836 1006 1881 et
1016 1831 1128 1880 habitum
1141 1835 1166 1881 et
1178 1832 1264 1882 taciem
1279 1833 1375 1894 intuiti,

886 1920 955 1970 facile
967 1933 1075 1970 sororem
1083 1933 1141 1970 eom
1153 1922 1308 1983 conjecerunt
1318 1935 1372 1971 esse
1385 1923 1469 1975 AEeta.

916 2017 961 2067 llla
970 2031 1027 2068 eum
1040 2020 1216 2067 nectumorum
1228 2021 1332 2068 terrores
1343 2018 1477 2082 depulisset
1487 2017 1654 2078 somniorum,

887 2106 970 2154 statim
980 2106 1069 2156 deinde
1079 2106 1219 2156 retrocessit
1231 2121 1237 2155 :
1251 2105 1355 2169 illosque
1366 2119 1416 2156 una
1427 2107 1496 2170 sequi

887 2208 961 2244 mauu
975 2198 1139 2244 contrenmtos
1150 2194 1233 2244 dolose
1243 2195 1323 2257 iussit.

887 2285 950 2332 Tum
961 2286 1043 2333 tamen
1056 2283 1188 2332 multitudo
1199 2283 1299 2346 quidem
1311 2283 1382 2345 jussu
1393 2282 1491 2332 Jasouis

887 2371 1221 2434 mansitintrepide:illerero
1226 2371 1655 2434 secumtraxitcolcbicampuellam.

888 2460 967 2509 Ambo
978 2459 1141 2522 sequebantur
1158 2459 1244 2508 eadem
1254 2458 1310 2520 ria,
1323 2458 1470 2520 usquedum
1486 2457 1611 2508 venisseut

888 2546 971 2597 circes
982 2545 1008 2594 in
1019 2544 1136 2608 palatium
1148 2559 1154 2593 :
1166 2545 1212 2593 bos
1224 2545 1250 2592 in
1262 2543 1396 2607 splendidis
1406 2544 1481 2605 iussit

888 2631 928 2681 illa
941 2633 1010 2682 soliis
1019 2632 1153 2692 considere,
1165 2630 1331 2681 auimodubia
1342 2630 1553 2680 obadvenientes.

888 2721 919 2771 lli
931 2723 994 2770 muti
1004 2725 1078 2783 atque
1087 2720 1154 2769 taciti
1166 2720 1197 2770 ad
1209 2720 1292 2769 locum
1303 2711 1469 2782 mniugieutes

888 2810 1017 2870 sederam,
1030 2809 1073 2871 qui
1084 2808 1184 2871 quidem
1198 2821 1252 2857 mos
1263 2807 1358 2856 miseris
1370 2805 1521 2869 supplicibus
1531 2809 1580 2870 est,

888 2900 929 2949 illa
941 2897 1051 2963 (Medea)
1063 2897 1090 2946 in
1104 2899 1232 2958 utramque
1242 2894 1352 2958 deposita
1365 2907 1465 2944 ιιιαιιιιω
1477 2893 1550 2955 facie,

888 2992 914 3038 at
926 2987 967 3037 bic
979 2986 1078 3050 (Jason)
1093 2989 1178 3035 ansato
1191 2997 1279 3046 magno
1289 2983 1368 3047 gladio
1380 2984 1406 3032 in
1419 2986 1483 3032 terra
1494 2980 1588 3032 deliro.

888 3086 938 3137 quo
949 3072 1050 3135 quidem
1058 3074 1136 3123 AEetm
1148 3071 1225 3122 tilium
1235 3070 1389 3119 interfecerat
1400 3084 1407 3118 ι
1419 3082 1499 3131 neque
1510 3066 1595 3118 oculos

888 3165 968 3211 rectos
977 3160 1041 3210 inter
1053 3144 1179 3223 palpebras
1191 3157 1352 3207 sustinebant.
1364 3156 1451 3207 statim
1461 3160 1543 3206 autem
1557 3161 1633 3206 senet

889 3250 959 3301 dirce
971 3250 1036 3300 exilii
1053 3248 1229 3308 calamitatem,
1245 3253 1269 3297 et
1280 3247 1404 3311 piaculum
1418 3244 1501 3296 credis.

889 3338 970 3393 Quare
979 3336 1053 3385 etiam
1063 3334 1166 3384 reverita
1179 3333 1250 3383 Joris
1258 3333 1300 3394 J'us
1311 3328 1585 3395 suppbeum·praesidls,

888 3424 932 3487 qui
942 3423 1014 3473 ualde
1022 3422 1148 3482 irascitur,
1160 3419 1233 3470 valde
1243 3419 1374 3469 homicidis
1385 3417 1531 3482 opitulatur,

889 3513 947 3562 iecit
956 3524 1040 3572 sacra,
1057 3509 1146 3573 quibus
1160 3507 1288 3571 expiantur

889 3598 1049 3662 caedepolluti
1060 3596 1194 3660 suppliees,
1214 3594 1312 3658 quando
1322 3595 1446 3644 adlocnm
1457 3594 1609 3645 accesserlnt.

890 3685 1000 3735 Primum
1013 3684 1112 3747 quidem
1125 3682 1259 3732 rumdam
1268 3681 1456 3731 lustramentum
1466 3680 1508 3730 illa
1519 3685 1596 3731 caedis

889 3776 991 3823 extenso
1002 3772 1106 3835 desuper
1118 3770 1169 3819 suis
1181 3769 1278 3830 murlo,
1290 3770 1361 3832 cuius
1370 3769 1452 3819 adbuc
1460 3769 1536 3819 ubera

890 3861 1014 3911 scatebant
1023 3858 1106 3909 eliceto
1119 3858 1151 3907 ab
1162 3862 1244 3919 utero,
1257 3856 1374 3920 sanguine
1383 3868 1471 3906 manus

890 3950 989 4013 rigavit,
1001 3949 1080 3998 inciso
1090 3946 1152 3996 collo
1164 3961 1171 3994 ι
1181 3958 1265 3995 rursus
1274 3958 1332 3995 vero
1341 3945 1415 3994 etiam
1426 3942 1481 3994 aliis

890 4037 1003 4101 expiabat
1011 4035 1166 4095 libamentis,
1180 4032 1307 4083 lustralem
1320 4032 1437 4082 invocans

889 4127 986 4185 locem,
996 4118 1408 4172 caediemmaiacmmmrmdieem
1418 4117 1632 4181 supplicationum.

889 4214 920 4260 Et
929 4210 970 4261 illa
976 4210 1075 4273 quidem
1082 4212 1170 4259 cuneta
1175 4220 1206 4257 er
1211 4206 1490 4270 domibuspurgamenta
1499 4213 1658 4267 exportarent

889 4299 992 4362 Najades
1003 4297 1134 4359 ministrm,
1149 4308 1205 4359 qnae
1215 4294 1250 4344 illi
1261 4292 1448 4358 suppeditabant
1457 4292 1547 4341 omnia.

889 4392 946 4451 Ipsa
954 4400 1013 4437 vero
1022 4386 1089 4436 intus
1101 4374 1224 4448 placentas
1235 4385 1260 4433 et
1270 4382 1407 4445 placamina
1417 4378 1506 4430 sobriis

890 4476 1026 4526 combussit
1034 4474 1123 4525 additis
1132 4472 1198 4521 votis
1209 4470 1384 4529 loeoadstans,
1396 4471 1425 4516 ut
1433 4467 1495 4516 iram

890 4564 1036 4617 terribilium
1041 4562 1136 4613 sedaret
1147 4559 1286 4618 Furiarum,
1299 4560 1372 4618 atque
1380 4554 1454 4604 etiam
1465 4552 1658 4619 ipsuraptert,

890 4652 1015 4717 placabilis
1024 4652 1122 4700 essolet
1131 4647 1198 4697 mitis
1209 4647 1406 4707 erga-utramque

891 4742 943 4791 sive
954 4739 1033 4789 alieno
1043 4736 1130 4800 polluti
1142 4733 1258 4797 sanguine
1271 4743 1372 4791 manus,

891 4830 943 4877 sive
954 4826 1028 4877 etiam
1039 4822 1186 4883 domestico,
1199 4819 1297 4869 solliciti
1312 4817 1464 4869 advenerint.

922 4919 953 4967 At
964 4927 1041 4979 quum
1052 4912 1152 4962 omnino
1163 4910 1246 4961 omnia
1257 4911 1461 4973 peractaessent,
1471 4911 1525 4958 tum
1536 4906 1624 4960 deinde

891 5002 1054 5055 collocaritin
1066 5000 1164 5065 politis,
1181 4994 1559 5063 postquamsurgereeosjusslt,
1573 4997 1656 5059 sollis,

891 5094 965 5153 atque
974 5084 1379 5153 ipmpropeconseditex-adrerso.
1388 5082 1475 5132 statim
1483 5094 1541 5131 rere
1550 5082 1655 5131 oratione

892 5175 1026 5239 denegatio
1035 5178 1060 5226 et
1069 5173 1223 5237 navigatione
1234 5170 1375 5234 singulatim
1385 5168 1517 5233 quesivit,

892 5268 916 5315 et
927 5265 993 5315 unde
1000 5265 1028 5314 in
1036 5266 1125 5314 terram
1136 5273 1207 5312 snam
1216 5264 1290 5324 atque
1297 5258 1363 5309 aedes
1373 5257 1498 5307 venientes
