3850 5925
245 446 280 505 tl
332 505 335 511 ,
779 424 1010 489 ranvtsmls
1033 424 1282 488 FRAGMENTA.

282 562 475 628 Alexandrini
489 561 632 639 Panyasin
654 560 685 619 in
700 578 840 619 canonem
855 560 1016 639 Epicurum
1055 560 1321 637 peregrinationem
1343 559 1374 617 in
1393 558 1500 637 Lydia,
1523 560 1684 621 luxurianti
1708 562 1832 643 ingenio
1910 589 1911 592 ¹

243 666 424 734 receperunt.
435 654 479 711 De
489 650 551 729 ejus
563 670 685 729 possem
694 648 793 708 indole
804 650 845 707 ita
856 647 1015 724 Dionysius
1056 648 1178 725 copiose
1188 667 1375 707 exornasse-
1393 648 1536 709 Nimirum
1557 650 1717 709 htbenaeus
1738 654 1785 731 (fr.
1797 654 1828 729 8)

244 744 335 804 Helie.
354 742 406 819 qui
420 741 513 799 fertur
526 738 673 819 (Censura
689 749 758 797 vett.
772 740 884 815 scriptt.
909 756 938 813 p.
957 744 1015 811 ¹⁸¹9
1056 737 1272 815 navigationem
1288 736 1319 795 in
1334 736 1490 813 Erythearn
1505 757 1541 795 ex
1550 739 1829 814 primolibrocom·

244 830 351 906 Rebi.)
364 850 372 885 ι
384 824 522 894 Πανύασις
546 824 575 885 dl
597 825 644 893 τοίς
670 824 695 883 τ’
712 827 808 906 ἀμροῖν
835 821 966 899 (Hesiodi
986 833 1016 881 et
1057 836 1215 883 memorat:
1229 844 1294 901 qnae
1305 844 1351 883 res
1361 821 1455 890 ἄθλους
1467 824 1540 883 adeo
1554 824 1585 882 in
1608 838 1725 884 aretum
1741 828 1829 907 cogit,

243 916 421 994 Antimachi)
442 910 537 995 ἀρετδς
555 911 695 993 ἠνέγκατο,
715 909 761 969 καί
778 912 863 969 αὐτῶν
885 932 1015 991 πραγμα-
1056 924 1090 969 ut
1098 924 1187 991 pocta
1198 910 1405 970 dissimillimus
1415 924 1555 989 appareat
1565 912 1593 969 ei
1603 933 1692 990 quem
1704 934 1745 971 ex
1755 918 1830 973 tertii

243 1006 301 1088 τοία
316 1002 361 1064 καί
383 1000 493 1081 τῇνιοιτ’
515 998 593 1060 αὗτδν
615 995 751 1078 οἰκονομία
775 997 917 1077 διήνεγκαν.
941 999 1016 1071 Quae
1057 998 1126 1058 libri
1153 1000 1322 1077 fragmentis
1347 1001 1563 1077 cognoscimus,
1591 1012 1626 1056 ut
1646 1003 1829 1062 mentionis

244 1094 377 1173 pleniora
397 1102 426 1149 et
440 1087 604 1148 distinctius
627 1086 718 1145 relata
736 1086 845 1163 legerat
859 1085 1016 1155 Quintilia-
1056 1086 1238 1164 aequabilitas
1252 1086 1348 1145 omnis
1365 1087 1447 1164 operi
1463 1084 1503 1144 ob
1520 1086 1719 1165 «disponendi
1744 1092 1828 1147 ratio

244 1202 300 1240 nus
321 1179 368 1259 (X,
388 1198 415 1255 1,
434 1178 452 1255 §
467 1176 526 1253 54),
543 1175 595 1253 qui
610 1174 646 1233 de
659 1173 787 1233 Hesiodo
802 1185 831 1232 et
841 1172 1016 1232 Antimacho
1057 1195 1144 1234 uem»
1157 1175 1276 1234 laudato
1285 1175 1435 1253 eripiatur.
1450 1177 1510 1234 Nec
1518 1195 1611 1254 perse
1622 1189 1668 1234 est
1679 1177 1826 1249 credibile,

243 1266 411 1328 locutusita
422 1265 518 1343 pergit
531 1264 700 1336 :Panyasin
715 1282 754 1321 ea·
766 1275 887 1339 utroque
895 1264 1015 1319 mixtum
1057 1264 1135 1321 illius
1148 1264 1240 1322 aetads
1256 1275 1373 1341 poetam
1400 1264 1445 1321 sui
1466 1263 1575 1342 ingenii
1601 1264 1768 1343 impetum,
1787 1275 1828 1329 sui

241 1368 348 1433 putant
365 1356 396 1411 ia
412 1354 578 1430 eloquendo,
589 1352 773 1427 neutriusque
786 1370 904 1427 oeqrrare
922 1352 1017 1408 uirtu-
1057 1351 1155 1430 operis
1173 1352 1265 1430 legem
1284 1372 1322 1411 ex
1344 1352 1469 1410 aliorum
1489 1352 1571 1430 poesi
1591 1356 1732 1429 quamvis
1755 1355 1826 1413 lelio

245 1460 295 1504 tes.
307 1445 364 1522 (Ex
379 1460 505 1521 quornm
522 1438 637 1517 judicio
651 1438 701 1498 illa
728 1439 836 1515 scripta
854 1451 923 1496 sunt
936 1438 1016 1515 apud
1056 1439 1250 1519 suspendisse.
1260 1440 1325 1499 alia
1338 1460 1376 1498 ne
1385 1439 1503 1511 addam,
1515 1440 1633 1498 videtur
1645 1440 1728 1518 apud
1741 1444 1827 1501 Athr-

244 1532 379 1593 Suidam:
387 1526 457 1589 νιατδ
469 1525 498 1588 δί
510 1550 582 1594 τινας
601 1524 747 1605 [τάττεται]
761 1522 807 1584 καί
822 1524 879 1603 μιθ’
891 1523 1016 1585 Ἡσίοδον
1056 1548 1151 1586 naeum
1161 1530 1186 1587 Δ
1196 1528 1302 1587 abiisse
1313 1528 1343 1586 in
1356 1531 1394 1587 A:
1406 1547 1470 1586 eam
1480 1528 1592 1586 literam
1601 1528 1711 1587 leniter
1719 1543 1827 1590 vertere

244 1618 290 1679 καί
307 1614 484 1697 Ἀντίμαχον.)
501 1620 628 1673 Alterum
655 1629 752 1671 tamen
775 1613 811 1671 ab
827 1633 859 1670 eo
878 1614 1013 1683 marene,
1057 1616 1155 1675 malim
1166 1637 1253 1694 quam
1264 1617 1430 1677 Heracleam
1444 1629 1579 1695 torquere
1590 1618 1796 1683 vehementer.

159 1735 164 1745 ·
243 1712 366 1765 alterum
380 1706 555 1782 disponendi
567 1706 675 1761 ratione
689 1704 777 1764 vinci.
788 1702 872 1763 conf.
887 1701 1016 1761 Naekium
1099 1706 1164 1765 llon
1185 1726 1303 1783 possum
1321 1706 1483 1765 Aristotelis
1501 1706 1538 1763 de
1554 1705 1724 1783 hujusmodi
1742 1727 1826 1785 argu-

245 1796 283 1855 de
298 1794 426 1854 Cboerilo
439 1812 468 1871 p.
492 1792 524 1851 61
545 1812 589 1870 sq.
1047 1789 1159 1851 ‘mento
1172 1792 1313 1870 judicium
1330 1794 1586 1873 praeterirezquod
1603 1814 1709 1853 verum
1730 1811 1827 1853 esseet
1912 1865 1913 1868 Ἴ

284 1882 427 1943 Heraclea
438 1880 609 1957 Panyasidis
622 1896 681 1937 non
696 1888 846 1956 quattuor,
863 1876 914 1937 sed
931 1888 1018 1955 quat·
1057 1899 1095 1939 ex
1105 1880 1169 1959 ipsa
1182 1871 1302 1959 poeseos
1314 1872 1416 1941 nitura
1424 1883 1544 1961 petitum
1554 1896 1677 1941 erenms
1690 1882 1827 1961 hodieque

244 1970 826 2033 tuordecimlibrorumluit:memoratur
835 1967 1017 2042 undecimus,
1057 1968 1171 2048 probat.
1187 1970 1258 2029 Nam
1280 1990 1333 2048 per
1356 1990 1442 2029 omne
1467 1982 1580 2048 tempus
1598 1972 1709 2048 scripta
1724 1985 1827 2029 suntet

244 2074 275 2119 et
294 2062 456 2138 fragmenta
480 2059 614 2136 quaedam
637 2057 796 2117 ostendunt
815 2076 873 2115 non
894 2057 1018 2134 picturis
1058 2056 1224 2117 scribuntur
1245 2056 1296 2130 ίπη
1316 2078 1381 2137 quae
1400 2058 1586 2137 biographiam
1611 2058 1732 2117 dixeris.
1752 2061 1826 2118 Easi

244 2148 334 2207 modo
350 2167 434 2219 eum,
454 2146 505 2205 sed
520 2142 704 2205 sermonibus
721 2146 808 2203 etiam
833 2146 956 2204 beroum
971 2166 1018 2205 res
1059 2146 1199 2205 maximos
1215 2146 1330 2224 plausus
1343 2146 1473 2205 retulisse
1487 2158 1649 2219 narramur,
1664 2146 1722 2205 hoc
1733 2148 1826 2205 eredas

244 2248 340 2315 gestas
352 2236 503 2295 animasse.
530 2235 604 2295 Usus
636 2252 699 2292 esse
722 2232 841 2291 ridetur
868 2234 926 2293 illis
956 2234 1018 2293 lere
1058 2233 1181 2307 efficere,
1197 2248 1231 2292 ut
1249 2234 1370 2293 lectores
1385 2254 1451 2293 cum
1477 2233 1664 2293 admiratione
1699 2234 1825 2312 frigeant

245 2322 397 2397 omnibus,
410 2342 475 2402 (μιν,
491 2333 558 2381 aute
577 2340 644 2380 eum
660 2320 811 2395 Pisander,
825 2320 1018 2393 Stesichorus,
1059 2322 1107 2381 sic
1120 2322 1208 2399 igimr
1230 2322 1414 2390 Aristoteles,
1436 2323 1542 2382 Poetic.
1556 2322 1741 2389 otishh'ido'r
1759 2325 1824 2381 ἐστιν
1913 2363 1914 2370 ι

246 2415 369 2473 fortasse
383 2411 433 2471 alii
446 2430 565 2489 quoque
585 2421 680 2487 poetae
699 2408 783 2486 lyrici
797 2421 827 2469 et
843 2410 951 2469 scenici
970 2409 1018 2467 vel
1059 2401 1111 2485 οἷς,
1124 2408 1292 2492 οὗχ,ὦοπερ
1305 2409 1373 2476 rol<
1386 2408 1686 2490 οίονται,ἐδνπερὶίνα
1701 2402 1729 2491 ή·
1744 2410 1824 2469 πολλὰ
1913 2429 1914 2432 ’

247 2522 325 2561 nova
339 2500 458 2562 Herculi
481 2498 657 2570 tribuerant,
671 2498 718 2557 vel
731 2498 827 2557 minus
840 2510 910 2557 nota
922 2518 959 2555 ex
971 2498 1018 2556 lo-
1060 2495 1113 2579 γδρ
1125 2496 1276 2579 κοίᾶπτιρα
1286 2500 1324 2578 τῷ
1334 2496 1375 2557 ivl
1392 2496 1543 2575 σομὸαίνιι·
1568 2496 1595 2567 ἐξ
1615 2488 1652 2556 ὗν
1666 2498 1744 2557 ἐνίων
1756 2498 1824 2557 eliis

245 2610 347 2649 eorum
362 2588 470 2666 mythis
482 2587 513 2646 iu
526 2588 621 2646 lucem
632 2586 829 2664 protulerant:
842 2605 909 2643 uam
922 2583 958 2644 de
973 2604 1020 2645 re-
1059 2587 1131 2644 ἐστιν
1151 2582 1189 2643 lv.
1208 2584 1290 2645 Οὔτοι
1303 2583 1332 2643 δδ
1344 2585 1389 2645 καί
1402 2582 1509 2666 πράξεις
1526 2584 1582 2652 ίνδς
1594 2586 1698 2645 πολλαί
1710 2586 1824 2657 sirmii

243 2677 301 2738 bus
314 2676 463 2737 nonnullis
480 2674 589 2733 diserte
601 2672 673 2732 illud
688 2684 832 2732 testantur
844 2674 1018 2751 scriptores;
1059 2664 1096 2733 ὄν
1112 2672 1162 2752 μία
1179 2671 1290 2751 ellepis
1303 2672 1420 2751 γίγνεται
1432 2672 1533 2750 πρᾶξις.
1546 2672 1616 2734 did
1631 2672 1731 2741 πάντες
1740 2674 1824 2734 ἐοίκα-

244 2766 284 2826 ad
293 2765 481 2843 antiquorum
491 2762 562 2821 ίπῶν
573 2757 702 2819 fabulam
717 2780 864 2819 reversum
878 2779 941 2819 esse
954 2780 1018 2819 me-
1060 2784 1102 2821 οιν
1128 2760 1300 2843 δμαριίνιιν,
1318 2761 1375 2821 ὅσοι
1394 2765 1448 2821 τῶν
1471 2765 1588 2833 ποιητῶν
1601 2759 1770 2845 Ἥραιιληίδα
1783 2766 1824 2823 καὶ

245 2847 1018 2929 morautnusquaunllliseuimapudClementemhlex.
1059 2848 1185 2923 Θησηΐδα
1208 2850 1254 2909 καί
1283 2847 1317 2909 τδ
1340 2856 1451 2910 τοιαῦτα
1474 2848 1613 2928 ποιήματα
1639 2851 1823 2925 πεποιήκασιν·

244 2942 405 3014 Strom.Vl,
420 2960 449 3019 p.
464 2933 852 3018 ρδιελῦτοτιλῶςτδίτίρων
865 2934 1019 3014 ipsidiam
1061 2936 1161 2998 οίονται
1179 2934 1244 3022 γδρ,
1265 2936 1323 2999 ἐπεὶ
1340 2928 1377 3007 οἷς
1390 2929 1454 3012 llud
1477 2936 1631 3021 Ἡρακλῆς,
1653 2938 1702 2999 ἵνα
1726 2939 1823 3000 nith
1914 2955 1915 3017 η

244 3032 281 3099 ὣς
299 3029 354 3089 teu
371 3027 552 3106 ibive-fanu...
573 3025 676 3105 (quum
697 3025 747 3085 alii
767 3021 1018 3100 ῑιιηι)1]ανιίασιςδ
1060 3029 1142 3104 μῦθον
1156 3015 1388 3108 ι’ίναιττροαήνιτιν.
1403 3023 1824 3108 ’οδί”ομηρος·,ὅσνταρκαὶτδ
1914 3032 1915 3089 l

245 3112 525 3198 Ἆλιναρναοιὶιιπαρδ
538 3111 749 3196 Κριωριίλοοζτοῦ
763 3111 868 3192 Σαμίου
878 3111 1020 3193 τὴνΟἰχα-
1060 3114 1130 3174 ἄλλα
1141 3111 1270 3197 διαρίρνι,
1283 3113 1329 3174 καλ
1343 3113 1415 3174 τοῦτ’
1432 3112 1501 3174 loma
1513 3117 1601 3182 καλῶς
1617 3116 1693 3191 ἰδεῖν,
1705 3116 1765 3188 ήτοι
1783 3114 1824 3174 διδ

244 3207 303 3275 hie<
315 3207 516 3280 δλωαιν,οοοιο
526 3203 578 3281 qui
589 3205 673 3262 istam
682 3203 719 3264 de
726 3204 838 3280 plagiis
849 3201 1018 3278 tragaediam
1059 3201 1156 3283 τίχνην
1166 3199 1184 3274 l
1196 3199 1239 3261 διδ
1253 3199 1339 3284 palere.
1351 3201 1507 3263 Ὀδοσοιίαν
1518 3199 1569 3283 ηδρ
1580 3205 1664 3262 ποιῶν
1677 3204 1728 3261 oia
1736 3203 1823 3274 ἐποίη-

245 3308 337 3355 totam
363 3293 537 3373 inspexerit,
563 3291 595 3350 id
615 3290 672 3350 sibi
695 3288 865 3368 persuaderi
888 3301 1019 3366 patratur
1060 3287 1224 3352 σινοῖπαντσ
1237 3287 1289 3348 ὅσα
1301 3292 1374 3371 αὐτῷ
1391 3288 1505 3363 οονίδη,
1521 3280 1576 3349 οἷον
1594 3289 1823 3370 πληηῆναιμίνίν

245 3395 278 3442 ut
302 3381 445 3458 Panyasio
462 3381 492 3439 in
513 3399 550 3438 eo
571 3380 636 3438 loeo
651 3397 704 3456 per
714 3377 811 3436 omnia
819 3376 1018 3454 Creophylum
1059 3381 1099 3459 τῷ
1124 3379 1274 3460 Παρνασῷ,
1296 3381 1413 3456 μανῆναι
1434 3377 1463 3437 δὲ
1488 3378 1723 3459 προσποιήσασθαι
1739 3380 1766 3436 ἐν
1786 3382 1824 3460 τῇ

244 3470 421 3550 expressisse
441 3467 529 3526 dicat.
556 3468 692 3526 Ceterum
718 3464 804 3522 nimis
835 3464 892 3522 levi
918 3483 1019 3524 causm
1060 3468 1184 3548 δηιρμῖν·
1199 3455 1237 3526 διν
1249 3463 1323 3526 ὠδὶν
1334 3464 1443 3549 θατίροο
1455 3463 1596 3545 mopiam
1609 3457 1822 3546 ἀναριαῖονήνή

244 3568 396 3636 permotus
412 3557 446 3616 Ο.
468 3555 608 3613 Hiallerus
623 3553 659 3612 de
675 3553 856 3629 rationeque
872 3564 1019 3629 portares
1060 3553 1244 3634 εῐκδςδίτιρον
1256 3553 1391 3633 γενέσθαι·
1405 3553 1474 3614 ἀλλὰ
1488 3552 1550 3636 περὶ
1569 3553 1635 3631 μίαν
1652 3554 1757 3638 πρᾶξιν,
1769 3553 1822 3614 οίαν

245 3645 377 3706 Herculis
384 3643 551 3702 tractaverit
561 3643 618 3700 hoc
622 3639 870 3718 judiciumemisit
881 3639 967 3719 (Dor.
980 3642 1018 3714 ll,
1058 3640 1181 3723 λίγομιν,
1195 3641 1242 3716 τήν
1257 3642 1414 3704 Ὀδνοονίαν
1428 3642 1596 3716 οονίοτηστν.

245 3753 273 3810 p.
287 3731 357 3810 ἀγα)
367 3753 376 3791 ι
386 3757 399 3785 α
409 3731 581 3808 Panyasidis
591 3729 731 3789 Heraclea
742 3729 766 3788 si
777 3727 859 3786 libris
870 3739 1020 3806 quattuor·

230 3821 355 3893 ,decim,
371 3839 507 3880 versuum
524 3817 652 3878 millibus
665 3835 771 3876 novem
783 3816 1017 3894 comprehende-

243 3908 341 3978 batur,
357 3921 436 3988 gesta
453 3908 584 3986 quaedam
594 3951 603 3984 ‚
615 3907 645 3965 in
664 3906 760 3966 medio
777 3906 937 3984 presertim
952 3924 1018 3964 car·
1336 3917 1551 3980 umam,

1353 3813 1519 3839 -000—

134 4021 143 4040 ·
244 3997 335 4070 mine,
346 3996 471 4054 maxima
484 4015 551 4054 cum
562 3995 648 4074 copia
659 4006 688 4052 et
696 3993 765 4052 satis
776 3994 890 4071 prolixe
899 4006 1017 4052 narrata

244 4084 333 4144 luisse
341 4103 456 4142 neeesse
471 4095 530 4141 est:
543 4101 608 4140 nam
620 4078 713 4150 ἄθλους
726 4101 826 4142 omnes
838 4081 1017 4159 complecte-
1431 4047 1457 4105 ¹·

244 4169 332 4231 bamr
352 4169 427 4229 liber
452 4170 575 4250 primus.
598 4171 696 4241 Quare
717 4170 861 4246 Panyasin
885 4167 1017 4230 breviter
1098 4169 1260 4249 Stephanus
1281 4167 1515 4248 Rynrssrpiiee,
1527 4167 1608 4246 κώμη
1628 4167 1820 4247 earum

245 4259 377 4318 retulisse
391 4268 542 4336 putoque
556 4255 593 4316 ab
608 4257 671 4316 aliis
685 4255 745 4334 jam
766 4268 888 4316 tractata
902 4269 1015 4329 essent;
1057 4254 1093 4318 ‘0
1108 4257 1219 4330 πολίτης
1236 4257 1432 4336 Βιμδινίιης...
1445 4256 1520 4338 παρὰ
1536 4255 1674 4339 δὲῬιανῷ
1693 4255 1819 4335 Βτμίινί-

244 4359 274 4408 at
286 4345 398 4406 fabulas
411 4356 478 4404 ante
489 4345 586 4424 ipsum
597 4344 657 4403 fere
665 4343 825 4422 neglectas,
839 4354 873 4402 ut
882 4345 1014 4403 Herculis
1057 4367 1113 4416 της.
1126 4343 1233 4406 Ἔοικεν
1244 4337 1289 4406 οὖν
1304 4346 1387 4426 (adde
1397 4349 1449 4421 ὡς,
1460 4346 1552 4405 sedin
1561 4347 1703 4424 exemplis
1716 4363 1822 4424 quoque

275 4543 451 4596 Fabulaestin
472 4557 577 4606 senne,
591 4555 660 4603 non,
673 4541 812 4604 utquam
828 4542 1016 4606 opinantur,si
1061 4544 1591 4612 Punassorutoentumoemtinmniam
1606 4541 1821 4594 umulaaoeiode

244 4619 356 4666 versatur
367 4615 433 4666 eirea
448 4613 573 4664 hominem
593 4624 670 4662 unum
682 4630 687 4659 :
701 4611 778 4662 multa
795 4611 862 4661 enirn
882 4614 907 4662 et
921 4609 1015 4660 infinita
1057 4613 1144 4677 lectu3
1158 4630 1263 4681 qnomm
1280 4621 1407 4677 neruum,
1422 4615 1443 4666 si
1459 4615 1562 4666 alterum
1578 4615 1673 4665 lactum
1683 4618 1762 4676 sset,
1774 4613 1820 4662 ini

246 4685 289 4736 uni
299 4685 428 4746 assiduum
440 4698 471 4735 ex
483 4695 588 4747 quornm
597 4681 747 4746 quibusdam
761 4681 859 4732 nlhllllt
874 4693 960 4731 unum.
973 4681 1016 4731 Sin
1057 4689 1222 4738 murium
1238 4693 1282 4739 ,ut
1296 4687 1429 4738 mamm
1451 4685 1583 4736 “21:⁸00
1600 4685 1633 4737 ue
1645 4698 1716 4746 m,
1732 4683 1821 4748 qm

245 4757 320 4806 etiam
336 4756 444 4806 aehoues
455 4755 527 4804 nume
542 4753 628 4803 multae
647 4756 717 4814 sunt,
730 4765 761 4802 ex
774 4751 865 4814 qulbus
885 4765 935 4801 una
947 4750 1016 4802 nullu
1057 4757 1282 4821 summersione
1290 4759 1425 4823 Odyssean
1435 4756 1581 4821 composuit.

245 4826 274 4876 tit
284 4826 355 4876 actio.
366 4829 446 4883 Quare
455 4837 539 4875 omnes
551 4824 667 4874 videntur
676 4835 765 4882 errare,
776 4821 924 4884 qraieumqm
934 4825 1015 4884 poeta-

247 4911 301 4946 rum
316 4895 484 4946 Heracleidem
496 4899 521 4946 et
531 4893 675 4946 Theseidern
689 4895 715 4943 et
732 4891 820 4942 similia
832 4895 943 4956 μοοιοοίο
954 4891 1015 4941 leoe-

162 5006 165 5012 .
246 4969 310 5016 mnt
325 4967 416 5016 Putant
432 4963 639 5027 enim‚quouiam
653 4975 718 5013 unus
731 4961 922 5022 inlitteratum,
938 4973 1012 5011 uuam

245 5037 319 5086 etiam
333 5049 386 5086 esse
395 5033 502 5084 fabulam
514 5033 610 5085 debere.
624 5036 745 5083 Homerus
757 5044 824 5092 vero,
837 5032 910 5082 sicuti
924 5030 1014 5081 ostede

245 5105 664 5167 inrebusrminet,ltahocquoque
674 5103 770 5153 ridetur
781 5100 1015 5165 reeteperspexisse,
1427 5092 1455 5140 1.
1554 5147 1560 5154 .
1722 5101 1731 5114 ·
1802 5157 1809 5166 .

245 5177 299 5226 sire
312 5177 371 5228 artis
387 5189 431 5226 sen
446 5178 541 5226 retorto
563 5175 688 5224 bonellus
704 5171 840 5235 odysseam
856 5172 921 5222 euim
933 5184 1012 5234 quum
1089 5165 1215 5228 Bembina,
1229 5166 1301 5216 riou
1309 5167 1406 5216 umaro
1407 5199 1454 5212 .....
1465 5163 1537 5225 euius
1551 5160 1691 5224 oppirhous
1706 5156 1818 5210 nubiu-

245 5247 344 5302 faoeret.
359 5261 409 5298 nou
420 5246 543 5299 muravit
554 5245 637 5297 omnia
651 5257 707 5308 quae
723 5241 924 5304 mortuorunt,
941 5245 971 5292 ut
984 5242 1011 5292 tn
1057 5244 1096 5290 tes
1097 5271 1144 5290 .....
1157 5236 1230 5302 Apud
1241 5237 1363 5290 ιδίαοονο
1377 5247 1436 5287 raro
1450 5230 1819 5295 emmerammianos
