3850 5925
260 368 319 413 rur
663 411 667 421 ,
799 338 1017 403 Pnffltto.

260 504 360 570 mus,
374 500 493 575 neque
511 491 630 549 tamen
647 497 718 563 eas,
735 497 824 569 quas
843 496 947 568 sagax
965 471 1034 543 viri
1049 471 1179 568 egregii
1197 471 1388 568 ingenium
1409 470 1586 565 excogita·

262 606 323 694 vit,
337 599 438 698 quod
447 598 595 694 antiqua
612 596 720 667 lectio
731 593 859 689 putida
869 608 974 683 esset,
984 594 1094 665 nimis
1103 592 1284 688 languida,
1296 594 1419 665 minus
1431 592 1585 689 elegans,

259 741 327 799 etc.
344 724 437 797 Alias
445 724 554 795 etiam
568 720 763 794 nonnullas
776 720 1001 791 coniecturas
1012 745 1087 791 non
1097 719 1320 817 recipiendas
1333 720 1586 811 iudicavimus,

261 870 302 929 ut
312 880 346 927 v.
360 880 413 953 17,
429 863 520 941 τοῖσι,
537 853 624 949 quia
640 866 725 923 ante
736 851 837 921 hune
852 874 998 921 versum
1018 849 1157 947 aliquid
1169 849 1343 922 excidisse
1359 849 1586 947 probabilius

261 976 368 1051 nobis
387 975 551 1063 videtur,
571 998 653 1071 quae
670 972 830 1069 suspicio
852 971 890 1041 in
911 970 969 1041 his
991 973 1160 1043 carminis
1180 971 1400 1043 centonibus
1419 971 1588 1044 facillime

261 1115 438 1173 movetur.
453 1103 494 1169 ln
513 1098 575 1186 iis,
597 1120 678 1193 quae
694 1098 922 1165 Hermannus
936 1092 982 1164 de
1001 1092 1095 1179 1.Δό
1111 1118 1190 1190 sqq.
1206 1092 1380 1190 disputat,
1393 1092 1483 1164 illud
1492 1107 1589 1165 certe

260 1215 648 1323 verumest,Lennepii
669 1230 755 1322 εὐρέα
770 1226 935 1321 ineptum
957 1247 1053 1312 esse,
1073 1221 1118 1294 de
1139 1224 1288 1321 reliquis
1304 1248 1408 1312 vero,
1433 1248 1515 1320 quae
1528 1223 1590 1296 ad·

260 1353 328 1444 dit,
341 1352 448 1449 longe
462 1349 565 1421 aliter
579 1350 767 1420 sentimus.
795 1347 832 1417 Si
846 1344 936 1443 quid
953 1345 999 1417 de
1014 1361 1141 1418 nostro
1155 1346 1342 1417 intextum
1357 1346 1589 1419 introducere

260 1481 517 1571 voluissemus,
534 1478 605 1561 ὀξέα
621 1478 900 1575 scripsissemus.
919 1477 992 1562 Qui
1014 1501 1098 1549 cum
1122 1480 1331 1547 Hermanno
1356 1478 1393 1547 in
1420 1493 1589 1574 corrupta

262 1614 403 1709 vulgata
416 1610 625 1706 codicisque
644 1608 859 1680 Mutinensis
878 1608 1034 1679 lectione
1049 1632 1176 1679 vocem
1190 1603 1282 1690 οὖδας
1297 1632 1489 1703 agnoscere
1500 1609 1590 1700 vult,

264 1744 293 1815 is
315 1742 485 1814 coniiciat
511 1755 657 1837 poetam
684 1738 870 1835 scripsisse
902 1733 997 1821 οὖδας
1017 1738 1181 1834 ἄκαμπτον
1199 1754 1262 1810 aut
1275 1739 1423 1837 ἄκαρπον.
1460 1741 1590 1837 Spatiis

262 1863 352 1954 illis,
368 1888 448 1960 quae
470 1862 565 1934 inter
585 1858 678 1931 duos
698 1884 822 1931 versus
837 1860 972 1956 passim
992 1857 1105 1947 vides,
1123 1858 1270 1930 lacunas
1292 1860 1533 1935 indicavimus
1552 1862 1589 1935 in

261 1984 335 2057 boc
350 1998 527 2082 poemate,
542 1982 662 2057 verius
681 1980 824 2071 dixeriS,
847 1982 886 2052 in
899 1981 957 2052 his
972 1981 1149 2078 poematis
1165 1980 1373 2077 fragmentis
1391 2007 1467 2055 non
1482 2008 1591 2057 raras.

311 2108 443 2193 Qumrr
455 2118 592 2175 textum
610 2101 716 2200 plane
733 2126 871 2173 novum
883 2101 1081 2176 lectoribus
1097 2104 1232 2175 nostris
1251 2102 1438 2176 tradimus.
1459 2108 1593 2191 Quam·

266 2252 373 2325 quam
393 2225 456 2299 hic
474 2241 580 2323 poeta
595 2214 748 2298 alterum
763 2223 1071 2297 Rhodomannum
1088 2223 1219 2297 frustra
1231 2225 1353 2298 adbuc
1370 2227 1592 2324 expectabat,

265 2373 431 2448 novaque
448 2349 628 2438 editione,
651 2330 1009 2446 quam'Spitznerum
1023 2362 1058 2418 et
1077 2347 1295 2444 Koecblyum
1316 2351 1524 2421 coniunctis
1540 2354 1608 2422 vi··

263 2472 366 2544 ribus
383 2496 506 2570 parare
519 2472 731 2569 accipimus,
749 2494 966 2567 magnopere
981 2467 1129 2564 indiget,
1149 2486 1270 2541 tamen
1286 2472 1430 2566 triginta
1446 2472 1592 2546 duobus

262 2594 321 2666 bis
339 2596 445 2666 annis
470 2609 554 2692 post
577 2592 768 2691 Tychsenii
793 2592 993 2664 editionem
1014 2616 1143 2687 magna
1162 2592 1275 2664 moles
1293 2594 1590 2668 emendationum

264 2840 442 2931 invenies,
464 2866 546 2937 quae
565 2837 875 2929 Rhodomnnnus,
900 2836 992 2910 adeo
1014 2839 1178 2910 Pauwius
1200 2854 1296 2910 recte
1317 2840 1467 2931 viderat,
1480 2842 1594 2937 Tych-

264 2965 386 3035 senius
404 2963 675 3060 neglexitEcce
696 2960 870 3052 subsidia,
896 2960 1032 3058 quibus
1048 2963 1216 3033 instructi
1236 2963 1593 3038 Posthomericorum

264 3101 402 3158 textum
416 3086 676 3156 recensuimus.
692 3083 804 3155 Multa
820 3083 959 3179 egregia
979 3083 1017 3154 in
1034 3084 1231 3154 Hermanni
1253 3084 1423 3181 Orphicis
1445 3087 1594 3178 insunt,

264 3205 443 3278 nonnulla
462 3205 564 3276 utilia
576 3205 612 3276 in
624 3203 823 3276 Wernickii
837 3203 1153 3276 commentarioad
1164 3204 1467 3303 Tryphiodorum,
1480 3207 1594 3280 multa

263 3328 361 3399 bona
372 3329 409 3399 in
422 3327 599 3424 Spitzneri
610 3325 924 3398 observationibus
937 3328 975 3397 in
986 3329 1165 3413 Quintum
1178 3327 1224 3398 ad
1233 3329 1366 3400 calcem
1378 3330 1473 3421 libri,
1484 3357 1594 3428 quem
1612 3309 1620 3325 ⁸

264 3449 427 3521 deversa
440 3453 641 3520 Groeoomm
654 3448 793 3520 hemico
811 3449 966 3543 scripsit,
982 3473 1081 3518 anno
1100 3447 1192 3520 1816
1210 3448 1328 3520 editis.
1344 3451 1515 3522 Eiusdem
1534 3478 1595 3524 au·

265 3572 375 3642 ctoris
388 3570 663 3642 obseruationum
672 3573 709 3640 in
722 3571 844 3661 Qut'rrti
853 3569 1118 3640 Posttomertca
1125 3570 1298 3665 particula
1305 3571 1422 3667 prima
1435 3587 1471 3643 et
1485 3572 1592 3645 altera

264 3692 463 3788 Vitebergae
480 3717 512 3762 a.
538 3689 628 3762 1815
645 3690 882 3788 prodierunt,
906 3691 1011 3762 tertia
1032 3715 1131 3760 anno
1156 3690 1245 3788 1837
1261 3693 1298 3762 in
1312 3694 1593 3767 Zimmermanm

266 3813 562 3911 ephemeridibus
577 3813 695 3910 (num.
722 3812 788 3899 143
804 3837 896 3910 sqq,
913 3835 992 3909 pag.
1012 3810 1098 3883 1161
1121 3813 1218 3908 sqq.)
1236 3812 1303 3910 (1),
1319 3828 1513 3911 postquam
1532 3821 1596 3888 Bo-

266 3937 348 4008 nitii
363 3935 533 4030 symbolae
543 3938 675 4006 on'tc'coe
682 3937 720 4005 111
735 3937 903 4026 Qru'rrtum
918 3937 1137 4030 Smyrnoewn
1151 3933 1287 4005 ibidem
1302 3960 1400 4007 anno
1419 3936 1510 4009 1836
1531 3963 1598 4036 pu·

265 4057 352 4130 blici
363 4058 454 4154 juris
473 4057 572 4129 lactae
588 4073 684 4129 sunt.
706 4057 876 4128 Struvius
900 4057 937 4127 in
957 4056 1209 4153 compluribus
1225 4057 1431 4130 libellorum
1457 4062 1595 4134 schola·

195 4227 202 4242 ι
267 4181 813 4278 sticorum‚quosinteranuum
831 4179 1594 4281 riquet1822Regimontiiedidit,egregias

266 4303 393 4388 Quinti
410 4301 683 4374 emendationes
696 4302 887 4398 proposuit
903 4299 970 4397 (s)
984 4300 1198 4376 Glasewaldi
1213 4306 1437 4376 cumectanea
1457 4307 1496 4377 in
1509 4331 1593 4403 poe·

307 4539 348 4622 (1)
368 4542 538 4621 Spitznerus
551 4561 666 4616 omnes,
679 4561 750 4620 ques
764 4541 800 4600 de
821 4541 932 4614 Quinto
948 4543 1078 4620 scripsit,
1092 4541 1308 4604 observationes
1321 4545 1350 4603 111
1373 4565 1431 4604 uuo
1448 4547 1593 4608 volumine

266 4648 433 4707 mniuuctas
450 4648 617 4726 nuperrime
631 4647 730 4706 edidit.

307 4748 349 4828 (a)
364 4751 430 4821 Quo
452 4750 564 4810 rariora
580 4751 642 4810 baec
661 4751 772 4810 Struvii
797 4751 936 4830 opuscula
953 4765 1022 4810 suut
1043 4763 1205 4830 paratuque
1220 4751 1398 4827 difficiliora,
1419 4773 1455 4811 eo
1469 4755 1592 4815 maiores

266 4853 370 4934 gratias
386 4854 506 4913 lectores
520 4855 612 4913 nostri
624 4855 774 4915 habebunt
787 4857 849 4914 viro
863 4855 1021 4915 clarissimo
1034 4869 1065 4914 et
1073 4857 1281 4916 humanissimo
1294 4861 1330 4914 de
1341 4860 1452 4938 Singer,
1463 4860 1538 4938 quie
1549 4859 1591 4919 bi-

265 4957 424 5034 bliotheca,
436 4979 522 5037 quum
534 4959 622 5019 babet
635 4961 801 5038 opulentam
818 4974 905 5040 atque
921 4960 1101 5038 exquisitam,
1113 4960 1252 5039 integram
1261 4961 1376 5020 illorum
1391 4963 1590 5024 collectionem

265 5062 661 5124 uobiscumcommunicavit.
1520 5049 1524 5054 ⁷
