3850 5925
636 810 1144 947 PRAEFATIO.

284 1604 308 1670 F
310 1622 410 1671 nnro
423 1598 496 1669 hoc
513 1597 710 1686 volumine,
729 1594 830 1693 quod
844 1596 1030 1692 epicorum
1043 1608 1230 1691 poetarum
1247 1609 1384 1691 septem
1398 1594 1554 1693 comple·

236 1720 344 1792 ctitur
366 1720 524 1792 carmina
542 1734 577 1789 et
595 1718 810 1813 fragmenta,
828 1718 922 1811 'aegre
945 1716 1028 1786 tulit
1048 1716 1311 1787 literatissimus
1328 1712 1454 1787 auctor
1471 1715 1552 1786 Col·

236 1840 418 1930 lectionis,
444 1864 592 1937 prorsus
614 1838 739 1910 abesse
762 1839 912 1908 nomina
933 1838 971 1907 in
993 1836 1056 1909 illo
1073 1862 1201 1931 genere
1222 1860 1372 1933 poeseos
1390 1837 1478 1907 olim
1498 1860 1555 1907 ce·

236 1962 483 2053 lebratissima,
492 1961 668 2049 Pisandri,
679 1959 902 2055 Panyasidis,
911 1958 1126 2029 Antimacli.
1141 1962 1307 2044 Quorum
1317 1972 1554 2055 postremum,

236 2084 341 2179 copia
354 2084 587 2181 reliquiarum
611 2082 692 2153 illos
709 2081 817 2176 longe
834 2095 1082 2182 superantem,
1099 2105 1214 2177 quum
1236 2095 1319 2151 ante
1337 2080 1555 2152 decennium

237 2201 309 2273 fere
343 2205 543 2274 accuratius
581 2216 749 2272 tractasse
781 2200 872 2270 mihi
897 2198 1049 2289 viderer,
1083 2202 1169 2271 Viro
1191 2201 1333 2295 egregio
1357 2202 1475 2272 mein
1498 2200 1556 2272 his

238 2321 442 2417 fragmentis
471 2324 602 2419 partim
627 2300 858 2416 colligendis,
882 2322 1015 2418 partim
1040 2321 1213 2417 augendis
1249 2337 1286 2393 et
1320 2321 1556 2393 retractandis

237 2468 382 2541 operam
401 2445 606 2542 positurum
625 2442 833 2537 significavi.
852 2442 960 2528 Quod
976 2443 1145 2539 praestiti,
1170 2458 1210 2512 ut
1230 2444 1354 2539 potui,
1372 2444 1447 2515 otio
1470 2469 1557 2514 usus

237 2565 469 2637 vehementer
486 2566 778 2662 circumscripto,
799 2589 873 2635 non
895 2565 944 2635 ita
962 2579 1082 2635 tamen
1101 2579 1268 2658 angust0,
1293 2579 1334 2635 ut
1354 2564 1442 2636 hinc
1466 2566 1557 2635 milri

238 2688 352 2783 possit
367 2688 585 2759 omissorum
599 2687 884 2759 admissorumve
899 2686 1097 2782 impunitas
1111 2709 1198 2756 esse.
1215 2688 1258 2755 Et
1273 2687 1402 2757 eximie
1416 2686 1559 2782 adjuva·

238 2807 304 2879 bar
327 2784 487 2879 virorum
509 2808 648 2904 aliquot
672 2806 1052 2905 praestantissimorum
1070 2806 1230 2902 scriptis,
1250 2807 1287 2876 in
1312 2808 1439 2903 primis
1463 2806 1559 2877 Wel·

178 2993 182 3002 ,
238 2928 334 3002 cleri
349 2946 385 3002 et
400 2934 444 3004 Ο.
462 2932 619 3021 llirlleri,
634 2954 716 3029 quae
730 2932 804 3002 suis
820 2954 973 3028 quaeque
985 2929 1074 3000 locis
1089 2928 1315 3000 indicantur:
1326 2954 1409 3000 nam
1422 2929 1468 3002 ab
1480 2929 1558 3001 aliis

239 3075 476 3150 quaecumque
499 3049 656 3149 sumpsi,
675 3077 716 3124 ea
731 3052 900 3149 leguntur
920 3075 1005 3121 cum
1026 3049 1238 3122 nominibus
1261 3051 1436 3146 ipsorum.
1464 3051 1560 3122 Cltoe·
1657 3117 1661 3122 .

240 3172 300 3242 ria·
315 3197 461 3270 quoque
489 3173 703 3268 fragmenta,
722 3172 771 3244 ob
802 3172 1098 3261 continuitatem,
1128 3173 1166 3242 in
1191 3171 1288 3242 illam
1315 3173 1443 3242 seriem
1471 3172 1559 3241 reci·

239 3292 370 3387 pienda
395 3317 472 3364 esse
492 3293 595 3383 duxi,
616 3309 652 3364 et
667 3297 750 3364 Ast‘i
767 3293 938 3390 pauculas
950 3292 1117 3388 reliquias
1144 3292 1422 3389 praemittendas.

287 3417 409 3500 Quum
429 3438 508 3485 eam
528 3429 667 3511 partem
689 3415 844 3509 negotii,
862 3437 943 3510 quae
963 3413 1214 3485 molestissima
1232 3429 1322 3503 erat,
1344 3416 1560 3511 peregissem

242 3547 277 3604 et
288 3533 451 3606 Pisandri
464 3535 744 3632 Panyasidisque
764 3536 960 3630 fragmenta
972 3535 1200 3606 corrasissem
1217 3535 1491 3631 undecumque,
1512 3535 1561 3605 ai·

243 3655 353 3726 lemur
368 3656 459 3728 mihi
476 3661 519 3728 H.
538 3658 712 3728 Ditntzeri
725 3657 828 3747 liber,
831 3657 1044 3756 fragmenta
1064 3661 1174 3754 epicoe
1189 3683 1340 3754 poeseos
1359 3663 1561 3730 Graecorum

242 3776 458 3873 adtempora
476 3803 585 3876 usque
605 3777 803 3850 Alexandri
819 3785 866 3849 M.
890 3778 1134 3874 complectens
1157 3779 1351 3875 (Coloniae,
1378 3778 1494 3874 1840).
1511 3781 1560 3847 Ex

242 3921 317 3994 quo
332 3897 444 3969 didici
460 3898 505 3971 de
519 3899 724 3995 Panyasidis
736 3901 808 3970 vita
823 3914 858 3970 et
875 3900 977 3997 poesi
987 3900 1171 3996 scripsisse
1185 3899 1277 3970 duos
1290 3900 1387 3970 viros
1397 3900 1560 3994 juvenes,

242 4016 515 4090 Tzschirnerum
537 4035 573 4090 et
596 4020 824 4112 Funckeum,
851 4036 1021 4117 praeterea
1046 4021 1291 4126 Ecltsteinium
1309 4023 1347 4093 in
1366 4022 1504 4094 Erschii
1526 4039 1563 4094 et

245 4140 400 4212 Gruberi
427 4142 709 4240 Encyclopaedia.
732 4147 806 4213 Hac
831 4143 939 4240 igitur
963 4145 1083 4215 statim
1108 4145 1282 4241 inspecta,
1314 4147 1456 4240 gavisus
1481 4172 1562 4217 sum

165 4347 173 4362 ο
245 4263 489 4335 Ecltsteinium
508 4263 581 4359 jam
604 4267 643 4336 in
676 4290 783 4336 usum
814 4267 1033 4338 convertisse
1067 4267 1128 4338 illa
1162 4268 1293 4364 scripta
1324 4267 1564 4364 (Tzschirneri

246 4384 289 4454 de
310 4385 522 4480 Panyasidis
545 4387 816 4458 Halicarnasset'
833 4403 951 4482 poetoe
973 4391 1052 4458 vita
1076 4405 1114 4459 et
1132 4389 1360 4476 camnulas,
1377 4390 1561 4462 Vratislav.

253 4505 362 4596 18363
375 4507 534 4578 Funckei
543 4506 586 4576 de
597 4513 687 4580 Pan.
698 4509 1021 4580 Halt'aarnassensis
1031 4514 1108 4581 vita
1116 4527 1153 4581 et
1159 4514 1273 4607 poesi,
1285 4516 1431 4601 Βοηηω,
1446 4509 1563 4608 1837),

248 4654 328 4726 quae
346 4631 384 4700 io
403 4628 462 4701 his
476 4631 682 4726 regionibus
701 4630 830 4702 frustra
847 4633 1108 4727 quaesivissem
1128 4649 1165 4704 et
1181 4634 1255 4704 vidi
1271 4659 1330 4706 me
1347 4635 1385 4704 in
1404 4635 1466 4724 iis,
1484 4657 1564 4731 quae

218 4797 221 4804 ·
246 4751 320 4846 jam
335 4753 429 4848 typis
448 4777 612 4850 expressa
630 4753 814 4842 tenebam,
830 4753 922 4824 nihil
942 4757 1126 4851 scripsisse
1141 4754 1242 4853 quod
1261 4754 1333 4827 hoc
1353 4757 1436 4829 loco
1456 4773 1565 4831 retra·

250 4873 421 4945 ctandum
439 4890 548 4965 esset;
587 4876 650 4948 sed
674 4878 871 4951 lectoribus
899 4879 1195 4952 commendamus
1214 4897 1414 4953 accuratam
1435 4883 1563 4955 dissen-

252 4995 424 5065 tationem
446 4997 668 5088 Eclsteinii,
706 5000 986 5097 Encyclopaediae
1015 5026 1102 5072 voce
1138 5007 1326 5098 Panyasis,
1357 5029 1393 5100 p.
1425 5005 1564 5095 8-143

253 5113 290 5183 id
320 5114 439 5186 solum
473 5131 707 5208 annotanteS,
732 5120 809 5192 viro
845 5120 954 5192 docto
984 5137 1111 5195 natum
1147 5123 1262 5195 videri
1287 5140 1431 5221 poetam
1469 5126 1562 5198 circa
