3850 5925
318 450 1637 497 ΜΝ

712 737 1228 877 PRAEFATIO.

884 1122 1049 1149 NJ.-

358 1394 398 1463 ln
415 1388 488 1462 hoc
511 1403 650 1486 septem
674 1400 865 1484 poetarum
888 1408 1046 1482 corpore
1065 1384 1226 1458 Hesiodo
1247 1385 1484 1483 Apollonium
1499 1414 1541 1462 ae
1562 1394 1642 1465 Mu·

308 1538 423 1586 saeum
441 1511 716 1599 subiunximus,
732 1534 780 1580 ne
795 1507 1022 1606 reliquorum
1038 1522 1215 1604 quatuor,
1233 1510 1297 1606 qui
1317 1508 1364 1581 de
1384 1509 1493 1583 rebus
1503 1514 1641 1585 Troicis

309 1655 552 1726 suntomnes,
574 1637 860 1731 interrumpatur
875 1632 980 1705 ordo.
1009 1633 1159 1722 Critica,
1179 1657 1287 1730 quam
1301 1648 1451 1724 vocant,
1478 1634 1642 1709 adhibita

308 1732 385 1833 arte
401 1784 514 1832 novas
535 1758 670 1831 horum
691 1770 881 1827 auctorum
901 1755 1134 1826 recensiones
1150 1753 1350 1825 exhibendi
1363 1756 1513 1828 sortasse
1531 1783 1579 1829 ne
1592 1759 1642 1831 fa·

310 1884 425 1955 cultas
444 1880 594 1979 quidem
613 1880 757 1968 suisset,
775 1876 970 1949 consilium
995 1892 1091 1948 certe
1109 1901 1185 1948 non
1207 1892 1295 1947 erat.
1332 1877 1501 1972 Religiosi
1521 1896 1643 1953 autem

310 2005 461 2077 editoris
480 2027 558 2075 esse
572 2002 801 2100 putavimus,
829 1999 868 2070 in
890 2023 999 2071 usum
1016 2023 1124 2069 suum
1143 2014 1371 2088 convertere,
1393 2000 1530 2097 siquid
1552 2001 1644 2076 boni

311 2142 420 2225 atque
433 2124 617 2199 emendati
635 2124 798 2195 virorum
814 2122 1008 2194 doctorum
1025 2121 1100 2191 sive
1117 2120 1280 2216 ingenio,
1297 2122 1373 2191 sive
1387 2122 1510 2195 studio
1527 2150 1645 2223 nuper

312 2250 495 2322 detectum
518 2247 709 2319 invenerit.
741 2249 832 2332 Quae
850 2244 977 2315 messis
999 2242 1118 2339 poetis
1140 2243 1275 2313 uostris
1297 2242 1396 2314 haud
1414 2270 1544 2342 parcos
1561 2248 1644 2320 red·

312 2370 407 2443 didit
426 2371 578 2442 fructus.
620 2372 705 2455 Quo
726 2367 860 2437 sactum
881 2380 953 2455 est,
975 2380 1018 2435 ut
1035 2388 1182 2453 omnes,
1210 2364 1280 2435 nisi
1307 2366 1399 2437 sorte
1413 2370 1562 2440 Tzetzen
1587 2396 1646 2443 ex·

312 2492 433 2590 cipere
450 2492 559 2581 velis,
577 2489 767 2589 permultis
785 2487 875 2559 locis
898 2487 1062 2575 correcti,
1085 2488 1217 2583 partim
1243 2512 1378 2558 novam
1398 2490 1505 2586 plane
1523 2492 1649 2567 induti

315 2615 492 2713 speciem,
524 2616 563 2687 in
592 2613 711 2685 lucem
737 2610 934 2709 prodeant,
965 2610 1195 2707 plurimaque
1224 2609 1297 2681 dici
1322 2612 1481 2707 possint,
1510 2615 1650 2710 quibus

316 2740 456 2828 multae,
489 2762 578 2834 quas
596 2716 822 2833 recepimus,
850 2733 1026 2805 lectiones
1050 2731 1291 2829 explicentur,
1321 2734 1508 2807 nonnullae
1526 2737 1655 2810 defen·-

315 2861 461 2950 dantur,
482 2873 699 2932 excusentur
716 2882 792 2929 uon
809 2880 944 2953 paucae.
972 2858 1023 2926 Ne
1042 2869 1162 2926 tamen
1180 2855 1346 2945 modurn,
1364 2857 1430 2953 qui
1443 2858 1652 2954 praelationi

316 2984 490 3056 constitui
504 2983 611 3070 solet,
642 2996 892 3068 transeamus,
912 2977 965 3052 de·
976 2978 1129 3074 singulis
1145 2979 1412 3051 mutationibus
1430 2980 1469 3049 in
1484 2980 1648 3056 editione

316 3123 441 3179 nostra
454 3105 573 3177 obviis
592 3105 706 3176 fusius
720 3103 895 3176 disserere
912 3101 1248 3199 supersedebimus,
1264 3127 1355 3198 quas
1376 3126 1422 3173 ne
1435 3127 1650 3178 enumerare

316 3228 467 3328 quidem
494 3226 633 3316 licebit,
668 3226 738 3298 nisi
769 3225 838 3302 ubi
863 3223 901 3295 id
926 3238 988 3295 aut
1015 3224 1141 3321 paucis
1167 3223 1454 3312 absolvendum,
1482 3243 1546 3298 aut
1570 3230 1655 3303 sine

318 3375 449 3448 magno
470 3350 647 3422 lectorum
674 3364 890 3424 nostrorum,
904 3345 1144 3420 incommodo
1171 3371 1255 3418 non.
1273 3348 1486 3420 evitandum
1512 3350 1660 3425 iudicem

319 3474 489 3544 verimus.
591 3531 592 3534 ,

355 3594 632 3692 Goettlingianus
646 3597 794 3666 llusronr
810 3607 928 3665 textus
942 3593 1213 3690 quinquaginta.
1222 3591 1496 3666 emendationes
1511 3597 1549 3667 in
1557 3595 1658 3668 The·-

319 3718 469 3812 ogonia,
489 3719 798 3815 vigintiquinque
816 3717 856 3788 in
881 3721 994 3788 Scuto
1008 3715 1174 3787 Herculis
1199 3740 1219 3786 a
1244 3715 1354 3787 nobis
1378 3732 1538 3815 receptas
1552 3744 1665 3813 egre-⁵

318 3841 385 3935 giae
402 3841 601 3912 Hermanni
625 3839 829 3911 recensioni
849 3839 904 3936 (in
923 3862 1070 3935 opuscc.
1105 3836 1177 3910 vol.
1201 3841 1259 3926 Vl,
1283 3861 1361 3935 pag.
1385 3844 1451 3926 142
1471 3842 1568 3938 sqq.)
1587 3840 1650 3912 de·

318 3961 391 4036 bet.
418 3967 542 4050 Quum
558 3963 604 4035 de
615 3962 734 4060 prisca
754 3961 971 4058 Theogoniae
991 3961 1107 4032 formu
1127 3959 1388 4057 hodiernaeque
1407 3963 1545 4056 origine
1559 3963 1666 4037 nihil'.

317 4100 462 4158 constet
474 4084 545 4183 (r),
564 4110 688 4156 versus
711 4084 938 4180 longioresve
953 4082 1055 4155 locos
1078 4099 1334 4180 transponere,
1351 4085 1552 4180 quomodo
1564 4093 1661 4159 Her·-

319 4229 476 4277 mannus
490 4205 552 4277 hic
569 4205 643 4277 illic
658 4204 863 4280 laciendum
879 4205 998 4295 docet,
1013 4207 1091 4276 ausi
1104 4230 1179 4277 non
1193 4231 1332 4297 sumus,
1345 4207 1409 4278 sed
1420 4209 1506 4278 satis
1520 4207 1654 4281 babui-

319 4350 402 4399 mus
414 4330 519 4402 uncis
537 4326 739 4418 includere,
757 4353 862 4425 qtrae,
878 4353 954 4426 quo
974 4329 1057 4400 loco
1076 4326 1187 4399 hodie
1204 4330 1390 4424 leguntur,
1411 4332 1581 4403 carminis
1599 4349 1652 4406 te·

319 4474 447 4522 norem
463 4452 758 4548 interrumpunt,
775 4451 849 4522 sive
861 4450 1114 4547 dispositionis
1131 4451 1310 4522 hodierna
1325 4453 1558 4549 antiquioris,
1575 4457 1651 4530 sive

320 4573 499 4648 variarum
511 4574 785 4665 recensionem,
795 4575 870 4646 sive
884 4574 1210 4672 interpolationum
1225 4573 1372 4668 vestigia
1385 4574 1469 4645 sint.
1484 4575 1591 4664 Quod
1604 4576 1663 4652 ad.

358 4880 401 4958 (ι)
421 4883 602 4957 Miitzellius,
613 4904 704 4963 quern.
722 4885 769 4944 his
782 4885 816 4944 iu
827 4883 932 4943 studiis
946 4895 1040 4941 totum
1059 4903 1129 4942 esse
1143 4882 1198 4941 viri
1212 4881 1293 4941 docti
1307 4902 1368 4941 uon
1384 4882 1540 4961 ignorant,
1551 4885 1583 4942 in
1599 4904 1650 4944 re·

318 4985 455 5046 censione
471 4987 573 5062 libelli,
586 4990 616 5048 in
631 5010 691 5069 quo
707 4989 872 5050 Soetbeerus
886 4989 1006 5068 quidam
1019 5009 1072 5047 sua
1085 4987 1272 5065 Gruppiique
1291 4988 1404 5046 somnia
1425 4987 1462 5046 de
1478 4989 1650 5068 primigenia

318 5091 497 5170 Theogouiae
509 5095 606 5172 specie
620 5093 731 5173 publici
742 5094 820 5174 juris
838 5095 906 5153 fecit
921 5094 1100 5174 (Zimmerm.
1113 5093 1265 5171 ephemm.¹
1276 5113 1302 5152 a.
1321 5093 1412 5172 1838,
1421 5114 1501 5156 num.
1516 5113 1552 5153 ro
1561 5093 1653 5178 sqq),

320 5195 487 5277 philologiae
500 5197 649 5260 hodiernae
664 5201 741 5260 vires
750 5199 914 5261 difficultati
928 5199 1016 5259 huius
1029 5199 1198 5278 questionis
1210 5219 1294 5308 pares
1310 5219 1373 5259 csse
1388 5211 1481 5279 negat.
